|j|☆bioche80
|j|☆Danklord Swellow
|t:|1610207917
|player|p1|bioche80|palmer|1294
|player|p2|Danklord Swellow|2|1374
|teamsize|p1|6
|teamsize|p2|6
|gametype|singles
|gen|8
|tier|[Gen 8] UU
|rated|
|clearpoke
|poke|p1|Scizor, M|
|poke|p1|Slowbro-Galar, M|
|poke|p1|Mamoswine, M|
|poke|p1|Kommo-o, F|
|poke|p1|Amoonguss, M|
|poke|p1|Zeraora|
|poke|p2|Quagsire, M|
|poke|p2|Scizor, F|
|poke|p2|Gyarados, F|
|poke|p2|Diggersby, F|
|poke|p2|Reuniclus, F|
|poke|p2|Thundurus-Therian, M|
|rule|Sleep Clause Mod: Limit one foe put to sleep
|rule|Species Clause: Limit one of each Pokémon
|rule|OHKO Clause: OHKO moves are banned
|rule|Evasion Moves Clause: Evasion moves are banned
|rule|Endless Battle Clause: Forcing endless battles is banned
|rule|HP Percentage Mod: HP is shown in percentages
|rule|Dynamax Clause: You cannot dynamax
|teampreview
|
|t:|1610207930
|start
|switch|p1a: Mamoswine|Mamoswine, M|100/100
|switch|p2a: Reuniclus|Reuniclus, F|100/100
|turn|1
|
|t:|1610207937
|move|p1a: Mamoswine|Knock Off|p2a: Reuniclus
|-supereffective|p2a: Reuniclus
|-damage|p2a: Reuniclus|15/100
|-enditem|p2a: Reuniclus|Leftovers|[from] move: Knock Off|[of] p1a: Mamoswine
|-damage|p1a: Mamoswine|91/100|[from] item: Life Orb
|move|p2a: Reuniclus|Iron Defense|p2a: Reuniclus
|-boost|p2a: Reuniclus|def|2
|
|upkeep
|turn|2
|
|t:|1610207945
|move|p1a: Mamoswine|Earthquake|p2a: Reuniclus
|-damage|p2a: Reuniclus|0 fnt
|-damage|p1a: Mamoswine|81/100|[from] item: Life Orb
|faint|p2a: Reuniclus
|
|upkeep
|-message|Danklord Swellow forfeited.
|
|win|bioche80
|l|☆Danklord Swellow
|raw|bioche80's rating: 1294 &rarr; <strong>1324</strong><br />(+30 for winning)
|raw|Danklord Swellow's rating: 1374 &rarr; <strong>1350</strong><br />(-24 for losing)
