|j|☆Moutemoute
|j|☆itsjustdrew☆
|t:|1616510040
|player|p1|Moutemoute|#moutemoute|
|player|p2|itsjustdrew☆|#itsjustdrew|
|teamsize|p1|6
|teamsize|p2|6
|gametype|singles
|gen|8
|tier|[Gen 8] UU
|rated|Tournament battle
|clearpoke
|poke|p1|Indeedee-F, F|
|poke|p1|Krookodile, F|
|poke|p1|Zeraora|
|poke|p1|Polteageist|
|poke|p1|Moltres-Galar|
|poke|p1|Kommo-o, M|
|poke|p2|Bisharp, F|
|poke|p2|Scizor, F|
|poke|p2|Amoonguss, M|
|poke|p2|Zeraora|
|poke|p2|Mew|
|poke|p2|Salamence, M|
|rule|Sleep Clause Mod: Limit one foe put to sleep
|rule|Species Clause: Limit one of each Pokémon
|rule|OHKO Clause: OHKO moves are banned
|rule|Evasion Moves Clause: Evasion moves are banned
|rule|Endless Battle Clause: Forcing endless battles is banned
|rule|HP Percentage Mod: HP is shown in percentages
|rule|Dynamax Clause: You cannot dynamax
|teampreview
|j| HaxxLR
|j| Daiyaga
|j| Bekaray 贝卡雷@!
|j|+laevin ㋛
|c|☆itsjustdrew☆|do you think violent criminals in pokemon get the flafee as opposed to the electric chair
|c|☆itsjustdrew☆|reasonable assumption, no?
|l| Bekaray 贝卡雷
|c|☆Moutemoute|idk
|
|t:|1616510137
|start
|switch|p1a: the egg and i|Krookodile, F|100/100
|switch|p2a: Salamence|Salamence, M|100/100
|-ability|p2a: Salamence|Intimidate|boost
|-unboost|p1a: the egg and i|atk|1
|-ability|p1a: the egg and i|Intimidate|boost
|-unboost|p2a: Salamence|atk|1
|turn|1
|c|☆itsjustdrew☆|!dt flaaffy
|raw|<div class="message"><ul class="utilichart"><li class="result"><span class="col numcol">Illegal</span> <span class="col iconcol"><psicon pokemon="flaaffy"/></span> <span class="col pokemonnamecol" style="white-space:nowrap"><a href="https://dex.pokemonshowdown.com/pokemon/flaaffy" target="_blank">Flaaffy</a></span> <span class="col typecol"><img src="https://play.pokemonshowdown.com/sprites/types/Electric.png" alt="Electric" height="14" width="32"></span> <span style="float:left;min-height:26px"><span class="col abilitycol">Static</span><span class="col abilitycol"><em>Plus</em></span></span><span style="float:left;min-height:26px"><span class="col statcol"><em>HP</em><br />70</span> <span class="col statcol"><em>Atk</em><br />55</span> <span class="col statcol"><em>Def</em><br />55</span> <span class="col statcol"><em>SpA</em><br />80</span> <span class="col statcol"><em>SpD</em><br />60</span> <span class="col statcol"><em>Spe</em><br />45</span> <span class="col bstcol"><em>BST<br />365</em></span> </span></li><li style="clear:both"></li></ul></div>
|raw|<font size="1"><font color="#686868">Dex#:</font> 180&nbsp;|&ThickSpace;<font color="#686868">Gen:</font> 2&nbsp;|&ThickSpace;<font color="#686868">Height:</font> 0.8 m&nbsp;|&ThickSpace;<font color="#686868">Weight:</font> 13.3 kg <em>(40 BP)</em>&nbsp;|&ThickSpace;<font color="#686868">Dex Colour:</font> Pink&nbsp;|&ThickSpace;<font color="#686868">Egg Group(s):</font> Monster, Field&nbsp;|&ThickSpace;<font color="#686868">Evolution:</font> Ampharos (30)</font>

|c|☆Moutemoute|since it's illegal
|c|☆itsjustdrew☆|!dt mareep
|raw|<div class="message"><ul class="utilichart"><li class="result"><span class="col numcol">Illegal</span> <span class="col iconcol"><psicon pokemon="mareep"/></span> <span class="col pokemonnamecol" style="white-space:nowrap"><a href="https://dex.pokemonshowdown.com/pokemon/mareep" target="_blank">Mareep</a></span> <span class="col typecol"><img src="https://play.pokemonshowdown.com/sprites/types/Electric.png" alt="Electric" height="14" width="32"></span> <span style="float:left;min-height:26px"><span class="col abilitycol">Static</span><span class="col abilitycol"><em>Plus</em></span></span><span style="float:left;min-height:26px"><span class="col statcol"><em>HP</em><br />55</span> <span class="col statcol"><em>Atk</em><br />40</span> <span class="col statcol"><em>Def</em><br />40</span> <span class="col statcol"><em>SpA</em><br />65</span> <span class="col statcol"><em>SpD</em><br />45</span> <span class="col statcol"><em>Spe</em><br />35</span> <span class="col bstcol"><em>BST<br />280</em></span> </span></li><li style="clear:both"></li></ul></div>
|raw|<font size="1"><font color="#686868">Dex#:</font> 179&nbsp;|&ThickSpace;<font color="#686868">Gen:</font> 2&nbsp;|&ThickSpace;<font color="#686868">Height:</font> 0.6 m&nbsp;|&ThickSpace;<font color="#686868">Weight:</font> 7.8 kg <em>(20 BP)</em>&nbsp;|&ThickSpace;<font color="#686868">Dex Colour:</font> White&nbsp;|&ThickSpace;<font color="#686868">Egg Group(s):</font> Monster, Field&nbsp;|&ThickSpace;<font color="#686868">Evolution:</font> Flaaffy (15)</font>

|c|☆Moutemoute|that's probably an old death sentence
|c|☆itsjustdrew☆|mhm
|
|t:|1616510173
|move|p2a: Salamence|Draco Meteor|p1a: the egg and i|[miss]
|-miss|p2a: Salamence|p1a: the egg and i
|move|p1a: the egg and i|Stealth Rock|p2a: Salamence
|-sidestart|p2: itsjustdrew☆|move: Stealth Rock
|
|upkeep
|turn|2
|c|☆itsjustdrew☆|you know in 2 games
|c|☆itsjustdrew☆|i hvent hit a draco
|
|t:|1616510188
|switch|p2a: Scizor|Scizor, F|100/100
|move|p1a: the egg and i|Taunt|p2a: Scizor
|-start|p2a: Scizor|move: Taunt
|
|upkeep
|turn|3
|c|☆Moutemoute|sadge
|j| 467 11 11p
|
|t:|1616510193
|move|p1a: the egg and i|Knock Off|p2a: Scizor
|-crit|p2a: Scizor
|-damage|p2a: Scizor|27/100
|-enditem|p2a: Scizor|Heavy-Duty Boots|[from] move: Knock Off|[of] p1a: the egg and i
|move|p2a: Scizor|U-turn|p1a: the egg and i
|-supereffective|p1a: the egg and i
|-damage|p1a: the egg and i|20/100
|
|t:|1616510200
|switch|p2a: Salamence|Salamence, M|100/100|[from]move: U-turn
|-ability|p2a: Salamence|Intimidate|boost
|-unboost|p1a: the egg and i|atk|1
|
|upkeep
|turn|4
|
|t:|1616510212
|move|p2a: Salamence|Flamethrower|p1a: the egg and i
|-damage|p1a: the egg and i|0 fnt
|faint|p1a: the egg and i
|
|upkeep
|
|t:|1616510219
|switch|p1a: too good too bad|Moltres-Galar|100/100
|turn|5
|
|t:|1616510224
|move|p2a: Salamence|Hurricane|p1a: too good too bad
|-damage|p1a: too good too bad|61/100
|-start|p1a: too good too bad|confusion
|-activate|p1a: too good too bad|confusion
|move|p1a: too good too bad|Fiery Wrath|p2a: Salamence
|-damage|p2a: Salamence|55/100
|
|upkeep
|turn|6
|j| trash UU test
|l| trash UU test
|
|t:|1616510238
|move|p2a: Salamence|Roost|p2a: Salamence
|-heal|p2a: Salamence|100/100
|-singleturn|p2a: Salamence|move: Roost
|-activate|p1a: too good too bad|confusion
|move|p1a: too good too bad|Agility|p1a: too good too bad
|-boost|p1a: too good too bad|spe|2
|
|upkeep
|turn|7
|
|t:|1616510243
|-activate|p1a: too good too bad|confusion
|move|p1a: too good too bad|Nasty Plot|p1a: too good too bad
|-boost|p1a: too good too bad|spa|2
|move|p2a: Salamence|Draco Meteor|p1a: too good too bad
|-damage|p1a: too good too bad|16/100
|-unboost|p2a: Salamence|spa|2
|-ability|p1a: too good too bad|Berserk|boost
|-boost|p1a: too good too bad|spa|1
|
|upkeep
|turn|8
|
|t:|1616510256
|switch|p2a: Scizor|Scizor, F|27/100
|-damage|p2a: Scizor|15/100|[from] Stealth Rock
|-end|p1a: too good too bad|confusion
|move|p1a: too good too bad|Rest|p1a: too good too bad
|-status|p1a: too good too bad|slp|[from] move: Rest
|-heal|p1a: too good too bad|100/100 slp|[silent]
|-enditem|p1a: too good too bad|Chesto Berry|[eat]
|-curestatus|p1a: too good too bad|slp|[msg]
|
|upkeep
|turn|9
|c|☆itsjustdrew☆|rip
|j| Draphirion
|c|☆itsjustdrew☆|confusion big suck
|
|t:|1616510269
|move|p2a: Scizor|Bullet Punch|p1a: too good too bad
|-damage|p1a: too good too bad|70/100
|move|p1a: too good too bad|Fiery Wrath|p2a: Scizor
|-damage|p2a: Scizor|0 fnt
|faint|p2a: Scizor
|
|upkeep
|
|t:|1616510278
|switch|p2a: Bisharp|Bisharp, F|100/100
|-damage|p2a: Bisharp|95/100|[from] Stealth Rock
|turn|10
|
|t:|1616510285
|move|p1a: too good too bad|Fiery Wrath|p2a: Bisharp
|-resisted|p2a: Bisharp
|-damage|p2a: Bisharp|4/100
|move|p2a: Bisharp|Swords Dance|p2a: Bisharp
|-boost|p2a: Bisharp|atk|2
|
|upkeep
|turn|11
|
|t:|1616510291
|move|p2a: Bisharp|Sucker Punch|p1a: too good too bad
|-resisted|p1a: too good too bad
|-damage|p1a: too good too bad|17/100
|-ability|p1a: too good too bad|Berserk|boost
|-boost|p1a: too good too bad|spa|1
|move|p1a: too good too bad|Fiery Wrath|p2a: Bisharp
|-resisted|p2a: Bisharp
|-damage|p2a: Bisharp|0 fnt
|faint|p2a: Bisharp
|
|upkeep
|c|☆itsjustdrew☆|wow
|
|t:|1616510320
|switch|p2a: Amoonguss|Amoonguss, M|100/100
|-damage|p2a: Amoonguss|88/100|[from] Stealth Rock
|turn|12
|
|t:|1616510336
|move|p1a: too good too bad|Fiery Wrath|p2a: Amoonguss
|-damage|p2a: Amoonguss|0 fnt
|faint|p2a: Amoonguss
|
|upkeep
|
|t:|1616510338
|switch|p2a: Salamence|Salamence, M|100/100
|-ability|p2a: Salamence|Intimidate|boost
|-unboost|p1a: too good too bad|atk|1
|turn|13
|
|t:|1616510341
|move|p1a: too good too bad|Fiery Wrath|p2a: Salamence
|-damage|p2a: Salamence|0 fnt
|faint|p2a: Salamence
|
|upkeep
|
|t:|1616510343
|switch|p2a: Zeraora|Zeraora|100/100
|turn|14
|
|t:|1616510346
|move|p1a: too good too bad|Fiery Wrath|p2a: Zeraora
|-damage|p2a: Zeraora|0 fnt
|faint|p2a: Zeraora
|
|upkeep
|
|t:|1616510348
|switch|p2a: Mew|Mew|100/100
|turn|15
|c|☆itsjustdrew☆|gg lol
|
|t:|1616510352
|move|p1a: too good too bad|Fiery Wrath|p2a: Mew
|-supereffective|p2a: Mew
|-damage|p2a: Mew|0 fnt
|faint|p2a: Mew
|
|win|Moutemoute
|n|☆Moutemoute|moutemoute
|n|☆itsjustdrew☆|itsjustdrew
|n| HaxxLR|haxxlr
|n| Daiyaga|daiyaga
|n| laevin ㋛|laevin
|n| 467 11 11p|4671111p
|n| Draphirion|draphirion
|c|☆Moutemoute|gg
|l|☆itsjustdrew☆
|l| HaxxLR
|l|☆Moutemoute
|l| Daiyaga
