|j|☆big baz
|j|☆imanoobdontkillme
|player|p1|big baz|ltsurge|1481
|player|p2|imanoobdontkillme|172|1374
|teamsize|p1|6
|teamsize|p2|6
|gametype|singles
|gen|8
|tier|[Gen 8] UU
|rated|
|clearpoke
|poke|p1|Poliwrath, F|
|poke|p1|Bronzong|
|poke|p1|Keldeo-Resolute|
|poke|p1|Barraskewda, M|
|poke|p1|Heliolisk, M|
|poke|p1|Klefki, M|
|poke|p2|Terrakion|
|poke|p2|Porygon-Z|
|poke|p2|Slowking, F|
|poke|p2|Krookodile, F|
|poke|p2|Noivern, F|
|poke|p2|Doublade, F|
|rule|Sleep Clause Mod: Limit one foe put to sleep
|rule|Species Clause: Limit one of each Pokémon
|rule|OHKO Clause: OHKO moves are banned
|rule|Evasion Moves Clause: Evasion moves are banned
|rule|Endless Battle Clause: Forcing endless battles is banned
|rule|HP Percentage Mod: HP is shown in percentages
|rule|Dynamax Clause: You cannot dynamax
|teampreview
|inactive|Battle timer is ON: inactive players will automatically lose when time's up. (requested by imanoobdontkillme)
|
|start
|switch|p1a: Barraskewda|Barraskewda, M|100/100
|switch|p2a: Krookodile|Krookodile, F|100/100
|-ability|p2a: Krookodile|Intimidate|boost
|-unboost|p1a: Barraskewda|atk|1
|turn|1
|
|move|p1a: Barraskewda|Flip Turn|p2a: Krookodile
|-supereffective|p2a: Krookodile
|-damage|p2a: Krookodile|24/100
|-damage|p1a: Barraskewda|91/100|[from] item: Life Orb
|
|switch|p1a: Klefki|Klefki, M|100/100|[from]move: Flip Turn
|move|p2a: Krookodile|Knock Off|p1a: Klefki
|-resisted|p1a: Klefki
|-damage|p1a: Klefki|78/100
|-enditem|p1a: Klefki|Damp Rock|[from] move: Knock Off|[of] p2a: Krookodile
|
|upkeep
|turn|2
|
|move|p1a: Klefki|Rain Dance|p1a: Klefki
|-weather|RainDance
|move|p2a: Krookodile|Earthquake|p1a: Klefki
|-supereffective|p1a: Klefki
|-damage|p1a: Klefki|0 fnt
|faint|p1a: Klefki
|
|-weather|RainDance|[upkeep]
|upkeep
|
|switch|p1a: Poliwrath|Poliwrath, F|100/100
|turn|3
|
|switch|p2a: Slowking|Slowking, F|100/100
|move|p1a: Poliwrath|Belly Drum|p1a: Poliwrath
|-damage|p1a: Poliwrath|50/100
|-setboost|p1a: Poliwrath|atk|6|[from] move: Belly Drum
|-enditem|p1a: Poliwrath|Sitrus Berry|[eat]
|-heal|p1a: Poliwrath|75/100|[from] item: Sitrus Berry
|
|-weather|RainDance|[upkeep]
|upkeep
|turn|4
|inactive|big baz has 120 seconds left.
|
|move|p1a: Poliwrath|Waterfall|p2a: Slowking
|-resisted|p2a: Slowking
|-damage|p2a: Slowking|0 fnt
|faint|p2a: Slowking
|
|-weather|RainDance|[upkeep]
|upkeep
|-message|imanoobdontkillme forfeited.
|
|win|big baz
|l|☆imanoobdontkillme
