|j|☆froy 18
|j|☆Marshmellow.OwO
|t:|1661669755
|gametype|singles
|player|p1|froy 18|ethan|1180
|player|p2|Marshmellow.OwO|elesa|1380
|teamsize|p1|6
|teamsize|p2|6
|gen|8
|tier|[Gen 8] UU
|rated|
|rule|Sleep Clause Mod: Limit one foe put to sleep
|rule|Species Clause: Limit one of each Pokémon
|rule|OHKO Clause: OHKO moves are banned
|rule|Evasion Items Clause: Evasion items are banned
|rule|Evasion Moves Clause: Evasion moves are banned
|rule|Endless Battle Clause: Forcing endless battles is banned
|rule|HP Percentage Mod: HP is shown in percentages
|rule|Dynamax Clause: You cannot dynamax
|clearpoke
|poke|p1|Primarina, F|
|poke|p1|Hatterene, F|
|poke|p1|Zygarde-10%|
|poke|p1|Obstagoon, M|
|poke|p1|Celesteela|
|poke|p1|Mamoswine, M|
|poke|p2|Ribombee, M|
|poke|p2|Thundurus-Therian, M|
|poke|p2|Azumarill, F|
|poke|p2|Celesteela|
|poke|p2|Azelf|
|poke|p2|Lucario, M|
|teampreview
|inactive|Battle timer is ON: inactive players will automatically lose when time's up. (requested by Marshmellow.OwO)
|inactive|Marshmellow.OwO has 120 seconds left.
|
|t:|1661669803
|start
|switch|p1a: Mamoswine|Mamoswine, M|100/100
|switch|p2a: Ribombee|Ribombee, M|100/100
|turn|1
|
|t:|1661669826
|switch|p1a: Hatterene|Hatterene, F|100/100
|move|p2a: Ribombee|Moonblast|p1a: Hatterene
|-crit|p1a: Hatterene
|-damage|p1a: Hatterene|34/100
|
|-heal|p1a: Hatterene|40/100|[from] item: Leftovers
|upkeep
|turn|2
|
|t:|1661669840
|move|p2a: Ribombee|Moonblast|p1a: Hatterene
|-damage|p1a: Hatterene|0 fnt
|faint|p1a: Hatterene
|
|upkeep
|-message|froy 18 forfeited.
|
|win|Marshmellow.OwO
|raw|froy 18's rating: 1180 &rarr; <strong>1168</strong><br />(-12 for losing)
|raw|Marshmellow.OwO's rating: 1380 &rarr; <strong>1390</strong><br />(+10 for winning)
|l|☆froy 18
