|j|☆Tuthur ㋛
|j|☆Moutemoute
|t:|1619980625
|gametype|singles
|player|p1|Tuthur ㋛|siebold|
|player|p2|Moutemoute|#moutemoute|
|teamsize|p1|6
|teamsize|p2|6
|gen|8
|tier|[Gen 8] UU
|clearpoke
|poke|p1|Cinccino, F|
|poke|p1|Cloyster, F|
|poke|p1|Jirachi|
|poke|p1|Sandaconda, M|
|poke|p1|Togekiss, M|
|poke|p1|Slowbro-Galar, M|
|poke|p2|Grimmsnarl, M|
|poke|p2|Krookodile, M|
|poke|p2|Gyarados, F|
|poke|p2|Kommo-o, M|
|poke|p2|Moltres-Galar|
|poke|p2|Scizor, M|
|rule|Sleep Clause Mod: Limit one foe put to sleep
|rule|Species Clause: Limit one of each Pokémon
|rule|OHKO Clause: OHKO moves are banned
|rule|Evasion Moves Clause: Evasion moves are banned
|rule|Endless Battle Clause: Forcing endless battles is banned
|rule|HP Percentage Mod: HP is shown in percentages
|rule|Dynamax Clause: You cannot dynamax
|teampreview
|c|☆Moutemoute|/log Moutemoute made this room public.
|j| Patrick Marleau
|l| Patrick Marleau
|j|%kay
|c|%kay|GOOO TUTHUR
|j| abejas
|j|+Arsenal
|j| Toxtricity-Amped
|j| Patrick Marleau
|c|☆Moutemoute|ugly team confirmed
|j| czim
|c| abejas|what
|c|☆Moutemoute|>O>
|c| abejas|is
|j| Floss
|c| abejas|this
|c| Floss|GO MOUTE
|c| abejas|dirty
|c| abejas|ass
|c| abejas|team
|l| Toxtricity-Amped
|c| czim|Go choo choo
|c|☆Tuthur ㋛|i got told to bring this
|j| Dragonillis
|j|%Kennedy
|c|☆Moutemoute|yeah
|c|☆Moutemoute|i know why lmao
|c| abejas|no shame
|j| CyndaquilChamp
|j| nappyface1
|c| czim|Gimme a choo
|j|+F.C.PortoIsTheBest
|c| czim|Gimme a choo
|c| nappyface1|ALLEZ
|c|☆Moutemoute|cuz of glowbro drama
|j|+Vio͜͡let
|c|☆Tuthur ㋛|CHOO CHOO!
|j|%Apagogie ♡
|c|☆Moutemoute|but it's fine
|c|☆Moutemoute|i'm a new man
|c|%Kennedy|ALLEZ MOUTEGOAT
|l|+F.C.PortoIsTheBest
|c|+Arsenal|Wait Moutemoute is red now
|c|+Arsenal|Hes a gooner
|c|+Arsenal|COYG
|c| nappyface1|too much red
|c|%Kennedy|joined the red team
|c|%Kennedy|LETS GOO
|c|%Kennedy|up the reds
|c| nappyface1|oh wait
|c| CyndaquilChamp|reveal Scale Shot Kommo-o
|l|%Apagogie ♡
|c|+Vio͜͡let|up the reds
|c| nappyface1|im also a red
|j|%Apagogie ♡
|
|t:|1619980740
|start
|switch|p1a: vraiment|Jirachi|100/100
|switch|p2a: Krookodile|Krookodile, M|100/100
|-ability|p2a: Krookodile|Intimidate|boost
|-unboost|p1a: vraiment|atk|1
|turn|1
|c|%kay|ugh so much red
|c| CyndaquilChamp|EQ
|j| The Datlatiass
|c| CyndaquilChamp|watch
|j| gglrg
|
|t:|1619980750
|move|p1a: vraiment|U-turn|p2a: Krookodile
|-supereffective|p2a: Krookodile
|-damage|p2a: Krookodile|66/100
|c| nappyface1|nah
|
|t:|1619980753
|switch|p1a: mais|Sandaconda, M|100/100|[from]move: U-turn
|move|p2a: Krookodile|Stealth Rock|p1a: mais
|-sidestart|p1: Tuthur ㋛|move: Stealth Rock
|
|upkeep
|turn|2
|c| CyndaquilChamp|L
|
|t:|1619980757
|move|p2a: Krookodile|Taunt|p1a: mais
|-start|p1a: mais|move: Taunt
|cant|p1a: mais|move: Taunt|Glare
|
|upkeep
|turn|3
|c| CyndaquilChamp|LOL
|c| gglrg|tuthur???
|
|t:|1619980766
|switch|p2a: Gyarados|Gyarados, F|100/100
|move|p1a: mais|Earthquake|p2a: Gyarados
|-immune|p2a: Gyarados
|
|upkeep
|turn|4
|c| gglrg|cincinno???
|c| CyndaquilChamp|GLARE???
|j|%trace
|j| Bekaray 贝卡雷
|c| CyndaquilChamp|LMAO
|c| nappyface1|LOL
|j| Landon✘A21
|
|t:|1619980778
|switch|p1a: Je|Cinccino, F|100/100
|-damage|p1a: Je|88/100|[from] Stealth Rock
|move|p2a: Gyarados|Dragon Dance|p2a: Gyarados
|-boost|p2a: Gyarados|atk|1
|-boost|p2a: Gyarados|spe|1
|
|upkeep
|turn|5
|c| CyndaquilChamp|since when can you paralyze a ground type
|c|☆Moutemoute|don't u dare
|c|☆Moutemoute|be choice scarf
|c|+Arsenal|since forever
|
|t:|1619980789
|move|p2a: Gyarados|Waterfall|p1a: Je
|-damage|p1a: Je|0 fnt
|faint|p1a: Je
|-ability|p2a: Gyarados|Moxie|boost
|-boost|p2a: Gyarados|atk|1
|
|upkeep
|c|+Arsenal|??
|c| CyndaquilChamp|K
|
|t:|1619980797
|switch|p1a: vraiment|Jirachi|100/100
|-damage|p1a: vraiment|94/100|[from] Stealth Rock
|turn|6
|c|%Kennedy|lmaoo
|c| CyndaquilChamp|sweep
|c|%trace|did you know
|c| CyndaquilChamp|incoming
|c|+Arsenal|you just cant use thunderwave
|
|t:|1619980802
|move|p1a: vraiment|Body Slam|p2a: Gyarados
|-damage|p2a: Gyarados|72/100
|-status|p2a: Gyarados|par
|-enditem|p2a: Gyarados|Lum Berry|[eat]
|-curestatus|p2a: Gyarados|par|[msg]
|move|p2a: Gyarados|Waterfall|p1a: vraiment
|-damage|p1a: vraiment|11/100
|
|upkeep
|turn|7
|c|%trace|electric type can be paralyzed
|c| CyndaquilChamp|SCARF
|c| abejas|shameless
|c|%Kennedy|THE LUM
|j| laevin
|c| nappyface1|ALLEZ
|c|%Kennedy|beautiful
|c| nappyface1|my boy
|c|+Arsenal|ine lum
|c| CyndaquilChamp|SCARF
|c|+Arsenal|dub
|c|%trace|before gen 5
|
|t:|1619980816
|move|p1a: vraiment|Body Slam|p2a: Gyarados
|-damage|p2a: Gyarados|41/100
|move|p2a: Gyarados|Waterfall|p1a: vraiment
|-damage|p1a: vraiment|0 fnt
|faint|p1a: vraiment
|-ability|p2a: Gyarados|Moxie|boost
|-boost|p2a: Gyarados|atk|1
|
|upkeep
|c| gglrg|get it again
|c|%trace|er
|c|%trace|gen 6
|
|t:|1619980820
|switch|p1a: désolé|Slowbro-Galar, M|100/100
|-damage|p1a: désolé|88/100|[from] Stealth Rock
|turn|8
|c|+Vio͜͡let|ALLEZ SPORTS
|c| Floss|so good
|c|☆Moutemoute|DALE ?
|-activate|p1a: désolé|ability: Quick Draw
|
|t:|1619980826
|move|p1a: désolé|Psyshock|p2a: Gyarados
|-damage|p2a: Gyarados|0 fnt
|faint|p2a: Gyarados
|
|upkeep
|c| CyndaquilChamp|does that thing not have Serene Grace?
|c| abejas|,
|c| nappyface1|moute is beautiful
|c|%Kennedy|noooooo
|c| gglrg|YOOOO
|c|☆Tuthur ㋛|i'm so skilled
|c|%Kennedy|LOL
|c|%trace|LOOOL
|c| CyndaquilChamp|NOOO
|c|☆Moutemoute|:(
|c| gglrg|THE DRAW
|c|%Kennedy|LOOOOL
|c| czim|Lmao
|c| gglrg|LETS GOOOO
|j| Zarif
|c|☆Moutemoute|QCQDed
|c| nappyface1|boooo
|c|%Kennedy|Tuthur the goat
|c| czim|Lets goooo
|c| CyndaquilChamp|YNWA
|
|t:|1619980842
|switch|p2a: Krookodile|Krookodile, M|66/100
|-ability|p2a: Krookodile|Intimidate|boost
|-unboost|p1a: désolé|atk|1
|turn|9
|c| abejas|Kennedy bro
|c| abejas|just force the W
|c| gglrg|do it again
|c| abejas|be useful
|
|t:|1619980852
|switch|p1a: mais|Sandaconda, M|100/100
|-damage|p1a: mais|94/100|[from] Stealth Rock
|move|p2a: Krookodile|Knock Off|p1a: mais
|-damage|p1a: mais|56/100
|-damage|p2a: Krookodile|49/100|[from] item: Rocky Helmet|[of] p1a: mais
|-enditem|p1a: mais|Rocky Helmet|[from] move: Knock Off|[of] p2a: Krookodile
|
|upkeep
|turn|10
|c|%Kennedy|you think i have that much power
|c|%Kennedy|i wish bro
|
|t:|1619980858
|move|p2a: Krookodile|Taunt|p1a: mais
|-start|p1a: mais|move: Taunt
|move|p1a: mais|Earthquake|p2a: Krookodile
|-damage|p2a: Krookodile|3/100
|
|upkeep
|turn|11
|c| CyndaquilChamp|ayeee
|
|t:|1619980861
|move|p2a: Krookodile|Knock Off|p1a: mais
|-damage|p1a: mais|31/100
|move|p1a: mais|Earthquake|p2a: Krookodile
|-damage|p2a: Krookodile|0 fnt
|faint|p2a: Krookodile
|
|upkeep
|c| CyndaquilChamp|oh god
|
|t:|1619980865
|switch|p2a: Moltres|Moltres-Galar|100/100
|turn|12
|c| CyndaquilChamp|nasty plot
|
|t:|1619980873
|switch|p1a: alors vraiment|Togekiss, M|100/100
|-damage|p1a: alors vraiment|76/100|[from] Stealth Rock
|move|p2a: Moltres|Agility|p2a: Moltres
|-boost|p2a: Moltres|spe|2
|
|upkeep
|turn|13
|c| CyndaquilChamp|and sweep
|j| palapapop
|
|t:|1619980878
|move|p2a: Moltres|Air Slash|p1a: alors vraiment
|-damage|p1a: alors vraiment|44/100
|move|p1a: alors vraiment|Trick|p2a: Moltres
|-activate|p1a: alors vraiment|move: Trick|[of] p2a: Moltres
|-item|p2a: Moltres|Choice Scarf|[from] move: Trick
|-item|p1a: alors vraiment|Weakness Policy|[from] move: Trick
|
|upkeep
|turn|14
|j| Swiffix
|c| CyndaquilChamp|LOL
|
|t:|1619980887
|move|p2a: Moltres|Air Slash|p1a: alors vraiment
|-damage|p1a: alors vraiment|9/100
|move|p1a: alors vraiment|Defog|p2a: Moltres
|-unboost|p2a: Moltres|evasion|1
|-sideend|p1: Tuthur ㋛|Stealth Rock|[from] move: Defog|[of] p1a: alors vraiment
|
|upkeep
|turn|15
|c| nappyface1|o
|c|%trace|gotta go faster
|j| RLplayer ★
|c| The Datlatiass|now you're really fast
|
|t:|1619980892
|move|p2a: Moltres|Air Slash|p1a: alors vraiment
|-damage|p1a: alors vraiment|0 fnt
|faint|p1a: alors vraiment
|
|upkeep
|
|t:|1619980895
|switch|p1a: désolé|Slowbro-Galar, M|88/100
|turn|16
|-activate|p1a: désolé|item: Quick Claw
|
|t:|1619980900
|move|p1a: désolé|Nasty Plot|p1a: désolé
|-boost|p1a: désolé|spa|2
|move|p2a: Moltres|Air Slash|p1a: désolé
|-damage|p1a: désolé|40/100
|
|upkeep
|turn|17
|j| houndoom4galar
|c| CyndaquilChamp|damn
|c| Zarif|bro
|-activate|p1a: désolé|item: Quick Claw
|
|t:|1619980907
|move|p1a: désolé|Sludge Wave|p2a: Moltres
|-damage|p2a: Moltres|21/100
|-ability|p2a: Moltres|Berserk|boost
|-boost|p2a: Moltres|spa|1
|move|p2a: Moltres|Air Slash|p1a: désolé
|-damage|p1a: désolé|0 fnt
|faint|p1a: désolé
|
|upkeep
|c| Zarif|it keeps getting it
|c|%Kennedy|LOOOL
|c| Zarif|LMAO
|c|+Arsenal|wtf
|
|t:|1619980913
|switch|p1a: suis|Cloyster, F|100/100
|turn|18
|c| CyndaquilChamp|OH SHIT
|c|%Kennedy|this yadon
|c|☆Moutemoute|thicc moltres
|j| The Evil400
|c|%Kennedy|is so good
|
|t:|1619980917
|move|p1a: suis|Ice Shard|p2a: Moltres
|-supereffective|p2a: Moltres
|-damage|p2a: Moltres|0 fnt
|faint|p2a: Moltres
|
|upkeep
|
|t:|1619980920
|switch|p2a: Kommo-o|Kommo-o, M|100/100
|turn|19
|j| Free Pursuit
|c| nappyface1|this is the fast offesnive play we are looking for
|c| CyndaquilChamp|LMAO
|c| nappyface1|end to end
|c| The Datlatiass|more like Fastbro lmaooooo
|
|t:|1619980927
|move|p2a: Kommo-o|Boomburst|p1a: suis
|-damage|p1a: suis|0 fnt
|faint|p1a: suis
|-enditem|p2a: Kommo-o|Throat Spray
|-boost|p2a: Kommo-o|spa|1|[from] item: Throat Spray
|
|upkeep
|c| nappyface1|OOOO
|c| CyndaquilChamp|WHAT
|c| abejas|dead
|c|☆Tuthur ㋛|what the
|c| nappyface1|ALLEZ
|c|%Kennedy|bad The Datlatiass
|c| CyndaquilChamp|BOOMBURST
|c|☆Moutemoute|DALE TEAM
|c| CyndaquilChamp|LMAO
|c| Floss|gg
|c| nappyface1|ALLEZ ALLEZ
|c|☆Moutemoute|LET'S FUCKING GOOO
|c| nappyface1|MOUTE GOAT
|c|☆Tuthur ㋛|shitty closyer
|c| The Datlatiass|TSUUUUUUUUUUUU
|c|%Apagogie ♡|rip glowro
|c|☆Tuthur ㋛|gg
|
|t:|1619980942
|switch|p1a: mais|Sandaconda, M|31/100
|turn|20
|l| Landon✘A21
|
|t:|1619980945
|move|p2a: Kommo-o|Boomburst|p1a: mais
|-damage|p1a: mais|0 fnt
|faint|p1a: mais
|
|win|Moutemoute
|c| CyndaquilChamp|YNWA
|l| Swiffix
|c|%Kennedy|I'm a snakeee
