|j|☆TMM Alt
|j|☆i love pokeon
|t:|1656211887
|gametype|singles
|player|p1|TMM Alt|will-gen2|1109
|player|p2|i love pokeon|101|1169
|teamsize|p1|6
|teamsize|p2|6
|gen|8
|tier|[Gen 8] UU
|rated|
|rule|Sleep Clause Mod: Limit one foe put to sleep
|rule|Species Clause: Limit one of each Pokémon
|rule|OHKO Clause: OHKO moves are banned
|rule|Evasion Moves Clause: Evasion moves are banned
|rule|Endless Battle Clause: Forcing endless battles is banned
|rule|HP Percentage Mod: HP is shown in percentages
|rule|Dynamax Clause: You cannot dynamax
|clearpoke
|poke|p1|Grapploct, M|
|poke|p1|Skarmory, F|
|poke|p1|Azumarill, F|
|poke|p1|Swampert, F|
|poke|p1|Amoonguss, M|
|poke|p1|Zarude|
|poke|p2|Krookodile, F|
|poke|p2|Salamence, F|
|poke|p2|Scizor, M|
|poke|p2|Cobalion|
|poke|p2|Darmanitan, F|
|poke|p2|Keldeo-Resolute|
|teampreview
|inactive|Battle timer is ON: inactive players will automatically lose when time's up. (requested by TMM Alt)
|
|t:|1656211904
|start
|switch|p1a: Grapploct|Grapploct, M|100/100
|switch|p2a: Krookodile|Krookodile, F|100/100
|turn|1
|
|t:|1656211910
|move|p2a: Krookodile|Knock Off|p1a: Grapploct
|-resisted|p1a: Grapploct
|-damage|p1a: Grapploct|72/100
|-enditem|p1a: Grapploct|Assault Vest|[from] move: Knock Off|[of] p2a: Krookodile
|move|p1a: Grapploct|Circle Throw|p2a: Krookodile
|-supereffective|p2a: Krookodile
|-damage|p2a: Krookodile|0 fnt
|faint|p2a: Krookodile
|
|upkeep
|
|t:|1656211925
|switch|p2a: Salamence|Salamence, F|100/100
|turn|2
|
|t:|1656211931
|move|p2a: Salamence|Dragon Dance|p2a: Salamence
|-boost|p2a: Salamence|atk|1
|-boost|p2a: Salamence|spe|1
|move|p1a: Grapploct|Ice Punch|p2a: Salamence
|-supereffective|p2a: Salamence
|-damage|p2a: Salamence|0 fnt
|faint|p2a: Salamence
|
|upkeep
|-message|i love pokeon forfeited.
|
|win|TMM Alt
|raw|TMM Alt's rating: 1109 &rarr; <strong>1138</strong><br />(+29 for winning)
|raw|i love pokeon's rating: 1169 &rarr; <strong>1140</strong><br />(-29 for losing)
|l|☆i love pokeon
||Ladder isn't responding, score probably updated but might not have (Request timeout).
