|html|<div class="broadcast-blue"><strong>[Gen 8] UU is currently suspecting Mienshao! For information on how to participate check out the <a href="https://www.smogon.com/forums/threads/np-ss-uu-stage-10-3-pumped-up-kicks.3694543/">suspect thread</a>.</strong></div>
|j|☆Dunoks
|j|☆congelateur-sama
|t:|1640041774
|gametype|singles
|player|p1|Dunoks|karen|
|player|p2|congelateur-sama|#fcpl4raichicheurs|
|teamsize|p1|6
|teamsize|p2|6
|gen|8
|tier|[Gen 8] UU
|rated|Tournament battle
|rule|Sleep Clause Mod: Limit one foe put to sleep
|rule|Species Clause: Limit one of each Pokémon
|rule|OHKO Clause: OHKO moves are banned
|rule|Evasion Moves Clause: Evasion moves are banned
|rule|Endless Battle Clause: Forcing endless battles is banned
|rule|HP Percentage Mod: HP is shown in percentages
|rule|Dynamax Clause: You cannot dynamax
|clearpoke
|poke|p1|Nihilego|
|poke|p1|Jirachi|
|poke|p1|Mandibuzz, F|
|poke|p1|Keldeo-Resolute|
|poke|p1|Zygarde-10%|
|poke|p1|Tapu Bulu|
|poke|p2|Registeel|
|poke|p2|Tapu Bulu|
|poke|p2|Rotom-Heat|
|poke|p2|Drapion, M|
|poke|p2|Swampert, F|
|poke|p2|Hydreigon, F|
|teampreview
|c|☆congelateur-sama|hf
|c|☆Dunoks|hf
|inactive|Battle timer is ON: inactive players will automatically lose when time's up. (requested by Dunoks)
|j| Kst3ve is a weeb
|j| Micciu20250
|inactive|Dunoks has 120 seconds left.
|inactive|Dunoks has 90 seconds left.
|
|t:|1640041844
|start
|switch|p1a: Laissez passer|Tapu Bulu|100/100
|switch|p2a: Swampert|Swampert, F|100/100
|-fieldstart|move: Grassy Terrain|[from] ability: Grassy Surge|[of] p1a: Laissez passer
|turn|1
|j| Arxc
|c|☆Dunoks|gg registeel ?
|c|☆congelateur-sama|un peu oui mmdr
|
|t:|1640041867
|switch|p1a: Brisé|Keldeo-Resolute|100/100
|switch|p2a: Rotom|Rotom-Heat|100/100
|
|upkeep
|turn|2
|c|☆Dunoks|on va tenter on va tenter
|c|☆congelateur-sama|on tente
|
|t:|1640041886
|move|p1a: Brisé|Scald|p2a: Rotom
|-supereffective|p2a: Rotom
|-damage|p2a: Rotom|17/100
|move|p2a: Rotom|Volt Switch|p1a: Brisé
|-supereffective|p1a: Brisé
|-damage|p1a: Brisé|37/100
|
|t:|1640041896
|switch|p2a: Tapu Bulu|Tapu Bulu|100/100|[from]move: Volt Switch
|
|-heal|p1a: Brisé|44/100|[from] Grassy Terrain
|-heal|p1a: Brisé|50/100|[from] item: Leftovers
|upkeep
|turn|3
|
|t:|1640041908
|switch|p1a: J'me tire|Jirachi|100/100
|switch|p2a: Registeel|Registeel|100/100
|
|upkeep
|turn|4
|l| Arxc
|
|t:|1640041913
|move|p1a: J'me tire|U-turn|p2a: Registeel
|-resisted|p2a: Registeel
|-damage|p2a: Registeel|97/100
|
|t:|1640041917
|switch|p1a: Tu vas me manquer|Zygarde-10%|100/100|[from]move: U-turn
|-ability|p1a: Tu vas me manquer|Aura Break
|move|p2a: Registeel|Iron Defense|p2a: Registeel
|-boost|p2a: Registeel|def|2
|
|-heal|p2a: Registeel|100/100|[from] Grassy Terrain
|upkeep
|turn|5
|
|t:|1640041921
|move|p1a: Tu vas me manquer|Thousand Arrows|p2a: Registeel
|-supereffective|p2a: Registeel
|-damage|p2a: Registeel|72/100
|move|p2a: Registeel|Body Press|p1a: Tu vas me manquer
|-damage|p1a: Tu vas me manquer|0 fnt
|faint|p1a: Tu vas me manquer
|
|-heal|p2a: Registeel|79/100|[from] Grassy Terrain
|-fieldend|move: Grassy Terrain
|upkeep
|
|t:|1640041925
|switch|p1a: Brisé|Keldeo-Resolute|50/100
|turn|6
|
|t:|1640041932
|move|p1a: Brisé|Scald|p2a: Registeel
|-damage|p2a: Registeel|50/100
|move|p2a: Registeel|Body Press|p1a: Brisé
|-damage|p1a: Brisé|0 fnt
|faint|p1a: Brisé
|
|upkeep
|c|☆Dunoks|oe
|-message|Dunoks forfeited.
|
|win|congelateur-sama
|n|☆Dunoks|dunoks
|n|☆congelateur-sama|congelateursama
|n| Kst3ve is a weeb|kst3veisaweeb
|n| Micciu20250|micciu20250
