|j|☆esqimo589
|j|☆P'tite Souris
|t:|1665829040
|gametype|singles
|player|p1|esqimo589|n|1344
|player|p2|P'tite Souris|marlon|1281
|teamsize|p1|6
|teamsize|p2|6
|gen|8
|tier|[Gen 8] UU
|rated|
|rule|Sleep Clause Mod: Limit one foe put to sleep
|rule|Species Clause: Limit one of each Pokémon
|rule|OHKO Clause: OHKO moves are banned
|rule|Evasion Items Clause: Evasion items are banned
|rule|Evasion Moves Clause: Evasion moves are banned
|rule|Endless Battle Clause: Forcing endless battles is banned
|rule|HP Percentage Mod: HP is shown in percentages
|rule|Dynamax Clause: You cannot dynamax
|clearpoke
|poke|p1|Primarina, F|
|poke|p1|Golurk|
|poke|p1|Cobalion|
|poke|p1|Hydreigon, M|
|poke|p1|Raikou|
|poke|p1|Salamence, F|
|poke|p2|Hatterene, F|
|poke|p2|Porygon2|
|poke|p2|Bronzong|
|poke|p2|Pincurchin, M|
|poke|p2|Crawdaunt, M|
|poke|p2|Conkeldurr, M|
|teampreview
|inactive|Battle timer is ON: inactive players will automatically lose when time's up. (requested by esqimo589)
|c|☆P'tite Souris|HF
|j| IndeedeIsKing
|inactive|esqimo589 has 120 seconds left.
|
|t:|1665829073
|start
|switch|p1a: spooky scary|Golurk|100/100
|switch|p2a: Hatterene|Hatterene, F, shiny|100/100
|turn|1
|
|t:|1665829085
|switch|p2a: Porygon2|Porygon2, shiny|100/100
|-ability|p2a: Porygon2|No Guard|[from] ability: Trace|[of] p1a: spooky scary
|move|p1a: spooky scary|Earthquake|p2a: Porygon2
|-damage|p2a: Porygon2|49/100
|
|upkeep
|turn|2
|
|t:|1665829096
|switch|p2a: Hatterene|Hatterene, F, shiny|100/100
|move|p1a: spooky scary|Earthquake|p2a: Hatterene
|-damage|p2a: Hatterene|12/100
|
|upkeep
|turn|3
|
|t:|1665829106
|switch|p2a: Porygon2|Porygon2, shiny|49/100
|-ability|p2a: Porygon2|No Guard|[from] ability: Trace|[of] p1a: spooky scary
|move|p1a: spooky scary|Earthquake|p2a: Porygon2
|-damage|p2a: Porygon2|0 fnt
|faint|p2a: Porygon2
|
|upkeep
|j| destinyxi
|-message|P'tite Souris forfeited.
|
|win|esqimo589
|raw|esqimo589's rating: 1344 &rarr; <strong>1360</strong><br />(+16 for winning)
|raw|P&apos;tite Souris's rating: 1281 &rarr; <strong>1260</strong><br />(-21 for losing)
|l|☆P'tite Souris
|c|☆esqimo589|yes
