|j|☆UULT1 Adrift
|j|☆jk3yo
|player|p1|UULT1 Adrift|acetrainerf|1106
|player|p2|jk3yo|bill-gen3|1026
|teamsize|p1|6
|teamsize|p2|6
|gametype|singles
|gen|8
|tier|[Gen 8] UU
|rated|
|clearpoke
|poke|p1|Roserade, M|
|poke|p1|Chandelure, F|
|poke|p1|Pangoro, F|
|poke|p1|Gigalith, M|
|poke|p1|Noivern, M|
|poke|p1|Sylveon, F|
|poke|p2|Torkoal, F|
|poke|p2|Espeon, F|
|poke|p2|Darmanitan, F|
|poke|p2|Heliolisk, M|
|poke|p2|Lucario, F|
|poke|p2|Noivern, F|
|rule|Sleep Clause Mod: Limit one foe put to sleep
|rule|Species Clause: Limit one of each Pokémon
|rule|OHKO Clause: OHKO moves are banned
|rule|Evasion Moves Clause: Evasion moves are banned
|rule|Endless Battle Clause: Forcing endless battles is banned
|rule|HP Percentage Mod: HP is shown in percentages
|rule|Dynamax Clause: You cannot dynamax
|teampreview
|
|start
|switch|p1a: Chandelure|Chandelure, F|100/100
|switch|p2a: Torkoal|Torkoal, F, shiny|100/100
|-weather|SunnyDay|[from] ability: Drought|[of] p2a: Torkoal
|turn|1
|inactive|Battle timer is ON: inactive players will automatically lose when time's up. (requested by UULT1 Adrift)
|
|switch|p1a: Gigalith|Gigalith, M|100/100
|-weather|Sandstorm|[from] ability: Sand Stream|[of] p1a: Gigalith
|move|p2a: Torkoal|Shell Smash|p2a: Torkoal
|-unboost|p2a: Torkoal|def|1
|-unboost|p2a: Torkoal|spd|1
|-boost|p2a: Torkoal|atk|2
|-boost|p2a: Torkoal|spa|2
|-boost|p2a: Torkoal|spe|2
|-enditem|p2a: Torkoal|Eject Pack
|
|switch|p2a: Lucario|Lucario, F|100/100
|
|-weather|Sandstorm|[upkeep]
|upkeep
|turn|2
|
|move|p2a: Lucario|Copycat|p2a: Lucario
|move|p2a: Lucario|Shell Smash|p2a: Lucario|[from]Copycat
|-unboost|p2a: Lucario|def|1
|-unboost|p2a: Lucario|spd|1
|-boost|p2a: Lucario|atk|2
|-boost|p2a: Lucario|spa|2
|-boost|p2a: Lucario|spe|2
|move|p1a: Gigalith|Earthquake|p2a: Lucario
|-supereffective|p2a: Lucario
|-enditem|p2a: Lucario|Focus Sash
|-damage|p2a: Lucario|1/100
|
|-weather|Sandstorm|[upkeep]
|upkeep
|turn|3
|
|switch|p1a: Chandelure|Chandelure, F|100/100
|move|p2a: Lucario|High Jump Kick|p1a: Chandelure
|-immune|p1a: Chandelure
|-damage|p2a: Lucario|0 fnt|[from] highjumpkick
|faint|p2a: Lucario
|
|-weather|Sandstorm|[upkeep]
|-damage|p1a: Chandelure|94/100|[from] Sandstorm
|upkeep
|-message|jk3yo forfeited.
|
|win|UULT1 Adrift
|l|☆jk3yo
|raw|UULT1 Adrift's rating: 1106 &rarr; <strong>1125</strong><br />(+19 for winning)
|raw|jk3yo's rating: 1026 &rarr; <strong>1015</strong><br />(-11 for losing)
