|j|☆esqimo589
|j|☆SDK04
|t:|1662416940
|gametype|singles
|player|p1|esqimo589|n|1364
|player|p2|SDK04|nate|1326
|teamsize|p1|6
|teamsize|p2|6
|gen|8
|tier|[Gen 8] UU
|rated|
|rule|Sleep Clause Mod: Limit one foe put to sleep
|rule|Species Clause: Limit one of each Pokémon
|rule|OHKO Clause: OHKO moves are banned
|rule|Evasion Items Clause: Evasion items are banned
|rule|Evasion Moves Clause: Evasion moves are banned
|rule|Endless Battle Clause: Forcing endless battles is banned
|rule|HP Percentage Mod: HP is shown in percentages
|rule|Dynamax Clause: You cannot dynamax
|clearpoke
|poke|p1|Registeel|
|poke|p1|Nihilego|
|poke|p1|Salamence, F|
|poke|p1|Slowking, F|
|poke|p1|Tapu Bulu|
|poke|p1|Cobalion|
|poke|p2|Golurk|
|poke|p2|Tangrowth, F|
|poke|p2|Mandibuzz, F|
|poke|p2|Rotom-Wash|
|poke|p2|Keldeo-Resolute|
|poke|p2|Hippowdon, F|
|teampreview
|inactive|Battle timer is ON: inactive players will automatically lose when time's up. (requested by esqimo589)
|
|t:|1662416955
|start
|switch|p1a: B- is bull|Tapu Bulu|100/100
|switch|p2a: Golurk|Golurk|100/100
|-fieldstart|move: Grassy Terrain|[from] ability: Grassy Surge|[of] p1a: B- is bull
|turn|1
|inactive|esqimo589 has 120 seconds left.
|
|t:|1662416986
|switch|p1a: goat|Cobalion|100/100
|switch|p2a: Tangrowth|Tangrowth, F|100/100
|
|upkeep
|turn|2
|
|t:|1662416991
|move|p1a: goat|Swords Dance|p1a: goat
|-boost|p1a: goat|atk|2
|move|p2a: Tangrowth|Focus Blast|p1a: goat
|-supereffective|p1a: goat
|-damage|p1a: goat|13/100
|
|-heal|p1a: goat|19/100|[from] Grassy Terrain
|upkeep
|turn|3
|
|t:|1662417002
|move|p1a: goat|Megahorn|p2a: Tangrowth
|-supereffective|p2a: Tangrowth
|-damage|p2a: Tangrowth|20/100
|move|p2a: Tangrowth|Power Whip|p1a: goat
|-resisted|p1a: goat
|-damage|p1a: goat|0 fnt
|faint|p1a: goat
|
|-heal|p2a: Tangrowth|26/100|[from] Grassy Terrain
|upkeep
|
|t:|1662417019
|switch|p1a: beep boop|Registeel|100/100
|turn|4
|
|t:|1662417027
|switch|p2a: Golurk|Golurk|100/100
|move|p1a: beep boop|Iron Defense|p1a: beep boop
|-boost|p1a: beep boop|def|2
|
|upkeep
|turn|5
|
|t:|1662417039
|move|p2a: Golurk|Trick|p1a: beep boop
|-activate|p2a: Golurk|move: Trick|[of] p1a: beep boop
|-item|p1a: beep boop|Choice Band|[from] move: Trick
|-item|p2a: Golurk|Chesto Berry|[from] move: Trick
|move|p1a: beep boop|Amnesia|p1a: beep boop
|-boost|p1a: beep boop|spd|2
|
|-fieldend|move: Grassy Terrain
|upkeep
|turn|6
|-message|esqimo589 forfeited.
|
|win|SDK04
|raw|esqimo589's rating: 1364 &rarr; <strong>1342</strong><br />(-22 for losing)
|raw|SDK04's rating: 1326 &rarr; <strong>1348</strong><br />(+22 for winning)
|l|☆esqimo589
