|j|☆DarkHorse344
|j|☆Raichu go fight u
|t:|1667518137
|gametype|singles
|player|p1|DarkHorse344|brendan-gen3rs|1424
|player|p2|Raichu go fight u|youngster-gen4dp|1412
|teamsize|p1|6
|teamsize|p2|6
|gen|8
|tier|[Gen 8] UU
|rated|
|rule|Sleep Clause Mod: Limit one foe put to sleep
|rule|Species Clause: Limit one of each Pokémon
|rule|OHKO Clause: OHKO moves are banned
|rule|Evasion Items Clause: Evasion items are banned
|rule|Evasion Moves Clause: Evasion moves are banned
|rule|Endless Battle Clause: Forcing endless battles is banned
|rule|HP Percentage Mod: HP is shown in percentages
|rule|Dynamax Clause: You cannot dynamax
|clearpoke
|poke|p1|Politoed, M|
|poke|p1|Kingdra, F|
|poke|p1|Salamence, F|
|poke|p1|Amoonguss, M|
|poke|p1|Kabutops, M|
|poke|p1|Tornadus, M|
|poke|p2|Primarina, F|
|poke|p2|Jirachi|
|poke|p2|Thundurus-Therian, M|
|poke|p2|Scizor, M|
|poke|p2|Golurk|
|poke|p2|Crobat, F|
|teampreview
|inactive|Battle timer is ON: inactive players will automatically lose when time's up. (requested by Raichu go fight u)
|
|t:|1667518143
|start
|switch|p1a: Politoed|Politoed, M|100/100
|switch|p2a: Golurk|Golurk|100/100
|-weather|RainDance|[from] ability: Drizzle|[of] p1a: Politoed
|turn|1
|inactive|Raichu go fight u has 120 seconds left.
|
|t:|1667518180
|move|p1a: Politoed|Scald|p2a: Golurk
|-supereffective|p2a: Golurk
|-damage|p2a: Golurk|24/100
|move|p2a: Golurk|Trick|p1a: Politoed
|-activate|p2a: Golurk|move: Trick|[of] p1a: Politoed
|-item|p1a: Politoed|Flame Orb|[from] move: Trick
|-item|p2a: Golurk|Damp Rock|[from] move: Trick
|
|-weather|RainDance|[upkeep]
|-status|p1a: Politoed|brn|[from] item: Flame Orb
|upkeep
|turn|2
|inactive|Raichu go fight u has 120 seconds left.
|
|t:|1667518188
|move|p1a: Politoed|Scald|p2a: Golurk
|-supereffective|p2a: Golurk
|-damage|p2a: Golurk|0 fnt
|faint|p2a: Golurk
|
|-weather|RainDance|[upkeep]
|-damage|p1a: Politoed|94/100 brn|[from] brn
|upkeep
|
|t:|1667518190
|switch|p2a: Thundurus|Thundurus-Therian, M|100/100
|turn|3
|
|t:|1667518195
|switch|p1a: Amoonguss|Amoonguss, M|100/100
|move|p2a: Thundurus|Thunderbolt|p1a: Amoonguss
|-resisted|p1a: Amoonguss
|-damage|p1a: Amoonguss|78/100
|-enditem|p1a: Amoonguss|Eject Button
|-message|Raichu go fight u forfeited.
|
|win|DarkHorse344
|raw|DarkHorse344's rating: 1424 &rarr; <strong>1443</strong><br />(+19 for winning)
|raw|Raichu go fight u's rating: 1412 &rarr; <strong>1393</strong><br />(-19 for losing)
|l|☆Raichu go fight u
