|j|☆Persona111
|j|☆caroline u-u
|inactive|Battle timer is ON: inactive players will automatically lose when time's up.
|t:|1667260827
|gametype|singles
|player|p1|Persona111|byron|
|player|p2|caroline u-u|reporter-gen8|
|teamsize|p1|6
|teamsize|p2|6
|gen|8
|tier|[Gen 8] PU
|rated|Tournament battle
|rule|Sleep Clause Mod: Limit one foe put to sleep
|rule|Species Clause: Limit one of each Pokémon
|rule|OHKO Clause: OHKO moves are banned
|rule|Evasion Items Clause: Evasion items are banned
|rule|Evasion Moves Clause: Evasion moves are banned
|rule|Endless Battle Clause: Forcing endless battles is banned
|rule|HP Percentage Mod: HP is shown in percentages
|rule|Dynamax Clause: You cannot dynamax
|rule|Tier Shift Mod: Pokémon get stat buffs depending on their tier, excluding HP.
|clearpoke
|poke|p1|Kabutops, F|
|poke|p1|Vikavolt, M|
|poke|p1|Spiritomb, F|
|poke|p1|Regirock|
|poke|p1|Silvally-*|
|poke|p1|Charizard, M|
|poke|p2|Shuckle, F|
|poke|p2|Spiritomb, M|
|poke|p2|Pyukumuku, M|
|poke|p2|Hattrem, F|
|poke|p2|Stunfisk, M|
|poke|p2|Altaria, M|
|teampreview
|j|*Lady Monita ☽
|c|☆caroline u-u|!ts regirock
|raw|<div class="message"><ul class="utilichart"><li class="result"><span class="col numcol">PU</span> <span class="col iconcol"><psicon pokemon="regirock"/></span> <span class="col pokemonnamecol" style="white-space:nowrap"><a href="https://dex.pokemonshowdown.com/pokemon/regirock" target="_blank">Regirock</a></span> <span class="col typecol"><img src="https://play.pokemonshowdown.com/sprites/types/Rock.png" alt="Rock" height="14" width="32"></span> <span style="float:left;min-height:26px"><span class="col abilitycol">Clear Body</span><span class="col abilitycol"><em>Sturdy</em></span></span><span style="float:left;min-height:26px"><span class="col statcol"><em>HP</em><br />80</span> <span class="col statcol"><em>Atk</em><br />140</span> <span class="col statcol"><em>Def</em><br />240</span> <span class="col statcol"><em>SpA</em><br />90</span> <span class="col statcol"><em>SpD</em><br />140</span> <span class="col statcol"><em>Spe</em><br />90</span> <span class="col bstcol"><em>BST<br />780</em></span> </span></li><li style="clear:both"></li></ul></div>
|inactive|caroline u-u has 120 seconds left.
|
|t:|1667260860
|start
|switch|p1a: Terezinha|Kabutops, F|100/100
|switch|p2a: Spiritomb|Spiritomb, M|100/100
|turn|1
|
|t:|1667260880
|move|p1a: Terezinha|Knock Off|p2a: Spiritomb
|-damage|p2a: Spiritomb|76/100
|-enditem|p2a: Spiritomb|Leftovers|[from] move: Knock Off|[of] p1a: Terezinha
|move|p2a: Spiritomb|Will-O-Wisp|p1a: Terezinha
|-status|p1a: Terezinha|brn
|
|-damage|p1a: Terezinha|94/100 brn|[from] brn
|upkeep
|turn|2
|
|t:|1667260886
|move|p1a: Terezinha|Stealth Rock|p2a: Spiritomb
|-sidestart|p2: caroline u-u|move: Stealth Rock
|move|p2a: Spiritomb|Dark Pulse|p1a: Terezinha
|-damage|p1a: Terezinha|53/100 brn
|
|-damage|p1a: Terezinha|46/100 brn|[from] brn
|upkeep
|turn|3
|
|t:|1667260895
|switch|p1a: Maykola|Spiritomb, F|100/100
|move|p2a: Spiritomb|Dark Pulse|p1a: Maykola
|-damage|p1a: Maykola|72/100
|
|upkeep
|turn|4
|
|t:|1667260899
|switch|p2a: Hattrem|Hattrem, F, shiny|100/100
|-damage|p2a: Hattrem|88/100|[from] Stealth Rock
|move|p1a: Maykola|Poltergeist|p2a: Hattrem
|-activate|p2a: Hattrem|move: Poltergeist|Eviolite
|-supereffective|p2a: Hattrem
|-damage|p2a: Hattrem|0 fnt
|faint|p2a: Hattrem
|
|upkeep
|
|t:|1667260907
|switch|p2a: Spiritomb|Spiritomb, M|76/100
|-damage|p2a: Spiritomb|64/100|[from] Stealth Rock
|turn|5
|
|t:|1667260934
|move|p2a: Spiritomb|Will-O-Wisp|p1a: Maykola
|-status|p1a: Maykola|brn
|move|p1a: Maykola|Poltergeist||[still]
|-fail|p1a: Maykola
|
|-damage|p1a: Maykola|66/100 brn|[from] brn
|upkeep
|turn|6
|
|t:|1667260956
|switch|p2a: Shuckle|Shuckle, F, shiny|100/100
|switch|p1a: Catinha|Charizard, M|100/100
|
|upkeep
|turn|7
|inactive|Persona111 has 120 seconds left.
|
|t:|1667260976
|move|p1a: Catinha|Fire Blast|p2a: Shuckle
|-damage|p2a: Shuckle|66/100
|move|p2a: Shuckle|Stealth Rock|p1a: Catinha
|-sidestart|p1: Persona111|move: Stealth Rock
|
|upkeep
|turn|8
|
|t:|1667260989
|switch|p1a: Terezinha|Kabutops, F|46/100 brn
|-damage|p1a: Terezinha|34/100 brn|[from] Stealth Rock
|switch|p2a: Altaria|Altaria, M|100/100
|
|-damage|p1a: Terezinha|28/100 brn|[from] brn
|upkeep
|turn|9
|
|t:|1667261000
|switch|p2a: Spiritomb|Spiritomb, M|64/100
|-damage|p2a: Spiritomb|51/100|[from] Stealth Rock
|move|p1a: Terezinha|Rapid Spin|p2a: Spiritomb
|-immune|p2a: Spiritomb
|
|-damage|p1a: Terezinha|22/100 brn|[from] brn
|upkeep
|turn|10
|inactive|Persona111 has 120 seconds left.
|inactive|Persona111 has 90 seconds left.
|
|t:|1667261080
|switch|p1a: Catinha|Charizard, M|100/100
|move|p2a: Spiritomb|Dark Pulse|p1a: Catinha
|-damage|p1a: Catinha|70/100
|
|upkeep
|turn|11
|
|t:|1667261094
|switch|p2a: Altaria|Altaria, M|100/100
|move|p1a: Catinha|Fire Blast|p2a: Altaria
|-resisted|p2a: Altaria
|-damage|p2a: Altaria|78/100
|
|upkeep
|turn|12
|inactive|Persona111 has 60 seconds left.
|inactive|Persona111 has 30 seconds left.
|inactive|Persona111 has 20 seconds left.
|inactive|Persona111 has 15 seconds left.
|inactive|Persona111 has 10 seconds left.
|inactive|Persona111 has 5 seconds left.
|
|t:|1667261178
|switch|p1a: Pedrão|Regirock|100/100
|-damage|p1a: Pedrão|88/100|[from] Stealth Rock
|move|p2a: Altaria|Roost|p2a: Altaria
|-heal|p2a: Altaria|100/100
|-singleturn|p2a: Altaria|move: Roost
|
|upkeep
|turn|13
|inactive|Persona111 has 15 seconds left this turn.
|
|t:|1667261190
|switch|p2a: Stunfisk|Stunfisk, M|100/100
|-damage|p2a: Stunfisk|94/100|[from] Stealth Rock
|switch|p1a: Roberson|Silvally-Steel|100/100
|-damage|p1a: Roberson|94/100|[from] Stealth Rock
|
|-heal|p2a: Stunfisk|100/100|[from] item: Leftovers
|upkeep
|turn|14
|inactive|Persona111 has 25 seconds left this turn.
|inactive|Persona111 has 20 seconds left.
|inactive|Persona111 has 15 seconds left.
|inactive|Persona111 has 10 seconds left.
|inactive|Persona111 has 5 seconds left.
|-message|Persona111 lost due to inactivity.
|
|win|caroline u-u
|n|☆Persona111|persona111
|n|☆caroline u-u|carolineuu
|n|*Lady Monita ☽|ladymonita
