|raw|<div class="broadcast-blue"><strong>This battle is required to be public due to a player having a name starting with 'pult4t2'.</div>
|j|☆PULT4T2 Lambo
|j|☆PULT4T2 Carminable
|t:|1661678032
|gametype|singles
|player|p1|PULT4T2 Lambo|pokemonranger-gen6|1581
|player|p2|PULT4T2 Carminable|1|1676
|teamsize|p1|6
|teamsize|p2|6
|gen|8
|tier|[Gen 8] PU
|rated|
|rule|Sleep Clause Mod: Limit one foe put to sleep
|rule|Species Clause: Limit one of each Pokémon
|rule|OHKO Clause: OHKO moves are banned
|rule|Evasion Items Clause: Evasion items are banned
|rule|Evasion Moves Clause: Evasion moves are banned
|rule|Endless Battle Clause: Forcing endless battles is banned
|rule|HP Percentage Mod: HP is shown in percentages
|rule|Dynamax Clause: You cannot dynamax
|clearpoke
|poke|p1|Raichu, M|
|poke|p1|Basculin-Blue-Striped, M|
|poke|p1|Doublade, F|
|poke|p1|Druddigon, M|
|poke|p1|Ribombee, F|
|poke|p1|Eldegoss, F|
|poke|p2|Golduck, F|
|poke|p2|Kangaskhan, F|
|poke|p2|Aromatisse, F|
|poke|p2|Doublade, M|
|poke|p2|Gigalith, F|
|poke|p2|Charizard, M|
|teampreview
|inactive|Battle timer is ON: inactive players will automatically lose when time's up. (requested by PULT4T2 Carminable)
|j| mange tes tartines
|c|☆PULT4T2 Lambo|hf
|c|☆PULT4T2 Carminable|pourquoi tu me fais ca
|c|☆PULT4T2 Lambo|de quoi
|j| Royal1604
|c|☆PULT4T2 Carminable|entre francais
|c|☆PULT4T2 Lambo|je savais pas que tu lançais
|j| Haffling
|c|☆PULT4T2 Carminable|ok
|c|☆PULT4T2 Lambo|sry
|c|☆PULT4T2 Carminable|hf
|inactive|PULT4T2 Lambo has 120 seconds left.
|inactive|PULT4T2 Carminable has 120 seconds left.
|c| Royal1604|frerot c'est écrit sur la room
|c|☆PULT4T2 Lambo|je regardais pas j'ai lancé dès que j'ai fini une session de game de tests
|
|t:|1661678092
|start
|switch|p1a: Basculin|Basculin-Blue-Striped, M|100/100
|switch|p2a: Kangaskhan|Kangaskhan, F|100/100
|turn|1
|
|t:|1661678100
|switch|p1a: Druddigon|Druddigon, M|100/100
|move|p2a: Kangaskhan|Fake Out|p1a: Druddigon
|-damage|p1a: Druddigon|79/100
|-damage|p2a: Kangaskhan|88/100|[from] ability: Rough Skin|[of] p1a: Druddigon
|
|-heal|p1a: Druddigon|85/100|[from] item: Leftovers
|upkeep
|turn|2
|
|t:|1661678115
|move|p2a: Kangaskhan|Double-Edge|p1a: Druddigon
|-damage|p1a: Druddigon|19/100
|-damage|p2a: Kangaskhan|76/100|[from] ability: Rough Skin|[of] p1a: Druddigon
|-damage|p2a: Kangaskhan|53/100|[from] Recoil
|move|p1a: Druddigon|Stealth Rock|p2a: Kangaskhan
|-sidestart|p2: PULT4T2 Carminable|move: Stealth Rock
|
|-heal|p1a: Druddigon|25/100|[from] item: Leftovers
|upkeep
|turn|3
|inactive|PULT4T2 Carminable has 120 seconds left.
|
|t:|1661678150
|switch|p1a: Eldegoss|Eldegoss, F|100/100
|move|p2a: Kangaskhan|Earthquake|p1a: Eldegoss
|-resisted|p1a: Eldegoss
|-damage|p1a: Eldegoss|83/100
|-enditem|p1a: Eldegoss|Eject Button
|
|t:|1661678159
|switch|p1a: Basculin|Basculin-Blue-Striped, M|100/100
|
|upkeep
|turn|4
|inactive|PULT4T2 Carminable has 120 seconds left.
|
|t:|1661678200
|switch|p2a: Aromatisse|Aromatisse, F|100/100
|-damage|p2a: Aromatisse|88/100|[from] Stealth Rock
|move|p1a: Basculin|Liquidation|p2a: Aromatisse
|-damage|p2a: Aromatisse|34/100
|
|-heal|p2a: Aromatisse|40/100|[from] item: Leftovers
|upkeep
|turn|5
|inactive|PULT4T2 Lambo has 120 seconds left.
|inactive|PULT4T2 Lambo has 90 seconds left.
|
|t:|1661678266
|move|p2a: Aromatisse|Protect|p2a: Aromatisse
|-singleturn|p2a: Aromatisse|Protect
|move|p1a: Basculin|Liquidation|p2a: Aromatisse
|-activate|p2a: Aromatisse|move: Protect
|
|-heal|p2a: Aromatisse|46/100|[from] item: Leftovers
|upkeep
|turn|6
|inactive|PULT4T2 Lambo has 90 seconds left.
|inactive|PULT4T2 Carminable has 90 seconds left.
|inactive|PULT4T2 Lambo has 60 seconds left.
|inactive|PULT4T2 Carminable has 60 seconds left.
|
|t:|1661678324
|move|p2a: Aromatisse|Protect||[still]
|-fail|p2a: Aromatisse
|move|p1a: Basculin|Liquidation|p2a: Aromatisse
|-damage|p2a: Aromatisse|0 fnt
|faint|p2a: Aromatisse
|
|upkeep
|
|t:|1661678339
|switch|p2a: Doublade|Doublade, M|100/100
|-damage|p2a: Doublade|94/100|[from] Stealth Rock
|turn|7
|inactive|PULT4T2 Lambo has 60 seconds left.
|
|t:|1661678367
|switch|p1a: Druddigon|Druddigon, M|25/100
|move|p2a: Doublade|Swords Dance|p2a: Doublade
|-boost|p2a: Doublade|atk|2
|
|-heal|p1a: Druddigon|31/100|[from] item: Leftovers
|upkeep
|turn|8
|inactive|PULT4T2 Carminable has 60 seconds left.
|
|t:|1661678400
|move|p2a: Doublade|Iron Head|p1a: Druddigon
|-crit|p1a: Druddigon
|-damage|p1a: Druddigon|0 fnt
|-damage|p2a: Doublade|82/100|[from] ability: Rough Skin|[of] p1a: Druddigon
|faint|p1a: Druddigon
|
|upkeep
|j| Run3 El pollito
|
|t:|1661678415
|switch|p1a: Raichu|Raichu, M|100/100
|turn|9
|inactive|PULT4T2 Carminable has 30 seconds left.
|inactive|PULT4T2 Carminable has 20 seconds left.
|inactive|PULT4T2 Carminable has 15 seconds left.
|j| Volcaronium
|inactive|PULT4T2 Carminable has 10 seconds left.
|
|t:|1661678460
|move|p2a: Doublade|Shadow Sneak|p1a: Raichu
|-damage|p1a: Raichu|14/100
|move|p1a: Raichu|Knock Off|p2a: Doublade
|-supereffective|p2a: Doublade
|-crit|p2a: Doublade
|-damage|p2a: Doublade|48/100
|-enditem|p2a: Doublade|Eviolite|[from] move: Knock Off|[of] p1a: Raichu
|
|upkeep
|turn|10
|inactive|PULT4T2 Carminable has 20 seconds left this turn.
|
|t:|1661678465
|move|p2a: Doublade|Shadow Sneak|p1a: Raichu
|-damage|p1a: Raichu|0 fnt
|faint|p1a: Raichu
|
|upkeep
|inactive|PULT4T2 Carminable has 25 seconds left this turn.
|c|☆PULT4T2 Lambo|ptn
|inactive|PULT4T2 Lambo has 60 seconds left.
|c|☆PULT4T2 Carminable|déso
|j| Cono de la Correze
|l| Cono de la Correze
|c|☆PULT4T2 Lambo|!showset 3
|c| PULT4T2 Lambo|/raw <div class="infobox">Doublade @ Eviolite  <br />Ability: No Guard  <br />EVs: 252 HP &#x2f; 40 Atk &#x2f; 112 SpD &#x2f; 104 Spe  <br />Careful Nature  <br />- Close Combat  <br />- Rock Slide  <br />- Shadow Sneak  <br />- Swords Dance  <br /><br /></div>
|c|☆PULT4T2 Lambo|j'ai pas shadow claw mdr
|l| Volcaronium
|-message|PULT4T2 Lambo forfeited.
|
|win|PULT4T2 Carminable
|inactive|PULT4T2 Carminable has 30 seconds left this turn.
|raw|PULT4T2 Lambo's rating: 1581 &rarr; <strong>1566</strong><br />(-15 for losing)
|raw|PULT4T2 Carminable's rating: 1676 &rarr; <strong>1691</strong><br />(+15 for winning)
|c|☆PULT4T2 Lambo|gg
|l|☆PULT4T2 Lambo
|c|☆PULT4T2 Carminable|gg déso
|l| mange tes tartines
|l| Royal1604
|j| Royal1604
|l| Royal1604
|l|☆PULT4T2 Carminable
|j| mange tes tartines
|l| mange tes tartines
|l| Haffling
|l| Run3 El pollito
|j| Haffling
