|raw|<div class="broadcast-blue"><strong>This battle is required to be public due to a player having a name starting with 'pult4t2'.</div>
|j|☆WTRBubble
|j|☆PULT4T2 eifo
|t:|1661191256
|gametype|singles
|player|p1|WTRBubble|2|1440
|player|p2|PULT4T2 eifo|camper|1523
|teamsize|p1|6
|teamsize|p2|6
|gen|8
|tier|[Gen 8] PU
|rated|
|rule|Sleep Clause Mod: Limit one foe put to sleep
|rule|Species Clause: Limit one of each Pokémon
|rule|OHKO Clause: OHKO moves are banned
|rule|Evasion Items Clause: Evasion items are banned
|rule|Evasion Moves Clause: Evasion moves are banned
|rule|Endless Battle Clause: Forcing endless battles is banned
|rule|HP Percentage Mod: HP is shown in percentages
|rule|Dynamax Clause: You cannot dynamax
|clearpoke
|poke|p1|Gourgeist-*, M|
|poke|p1|Silvally-*|
|poke|p1|Garbodor, M|
|poke|p1|Gigalith, M|
|poke|p1|Lurantis, F|
|poke|p1|Luxray, M|
|poke|p2|Scyther, F|
|poke|p2|Jellicent, M|
|poke|p2|Audino, F|
|poke|p2|Sandslash, F|
|poke|p2|Aggron, F|
|poke|p2|Comfey, M|
|teampreview
|inactive|Battle timer is ON: inactive players will automatically lose when time's up. (requested by WTRBubble)
|
|t:|1661191269
|start
|switch|p1a: Gourgeist|Gourgeist-Large, M, shiny|100/100
|switch|p2a: Scyther|Scyther, F|100/100
|-item|p2a: Scyther|Heavy-Duty Boots|[from] ability: Frisk|[of] p1a: Gourgeist|[identify]
|turn|1
|
|t:|1661191277
|move|p2a: Scyther|Dual Wingbeat|p1a: Gourgeist
|-supereffective|p1a: Gourgeist
|-damage|p1a: Gourgeist|49/100
|-supereffective|p1a: Gourgeist
|-damage|p1a: Gourgeist|0 fnt
|faint|p1a: Gourgeist
|-hitcount|p1: Gourgeist|2
|
|upkeep
|j| rklellelele
|c|☆WTRBubble|Nice
|c|☆WTRBubble|gg
|c|☆PULT4T2 eifo|gg
|-message|WTRBubble forfeited.
|
|win|PULT4T2 eifo
|raw|WTRBubble's rating: 1440 &rarr; <strong>1425</strong><br />(-15 for losing)
|raw|PULT4T2 eifo's rating: 1523 &rarr; <strong>1538</strong><br />(+15 for winning)
|l|☆WTRBubble
