|j|☆cafay sen sukr
|j|☆copydog123
|t:|1612873249
|player|p1|cafay sen sukr|swimmer-gen4dp|1513
|player|p2|copydog123|dawn|1175
|teamsize|p1|6
|teamsize|p2|6
|gametype|singles
|gen|8
|tier|[Gen 8] PU
|rated|
|clearpoke
|poke|p1|Silvally-*|
|poke|p1|Archeops, M|
|poke|p1|Sandaconda, F|
|poke|p1|Sandslash-Alola, M|
|poke|p1|Beheeyem, M|
|poke|p1|Drampa, F|
|poke|p2|Kingler, M|
|poke|p2|Braviary, M|
|poke|p2|Galvantula, M|
|poke|p2|Druddigon, M|
|poke|p2|Type: Null|
|poke|p2|Tangela, F|
|rule|Sleep Clause Mod: Limit one foe put to sleep
|rule|Species Clause: Limit one of each Pokémon
|rule|OHKO Clause: OHKO moves are banned
|rule|Evasion Moves Clause: Evasion moves are banned
|rule|Endless Battle Clause: Forcing endless battles is banned
|rule|HP Percentage Mod: HP is shown in percentages
|rule|Dynamax Clause: You cannot dynamax
|teampreview
|
|t:|1612873265
|start
|switch|p1a: Drampa|Drampa, F|100/100
|switch|p2a: Galvantula|Galvantula, M|100/100
|turn|1
|
|t:|1612873273
|move|p2a: Galvantula|Sticky Web|p1a: Drampa
|-sidestart|p1: cafay sen sukr|move: Sticky Web
|move|p1a: Drampa|Flamethrower|p2a: Galvantula
|-supereffective|p2a: Galvantula
|-enditem|p2a: Galvantula|Focus Sash
|-damage|p2a: Galvantula|1/100
|
|upkeep
|turn|2
|
|t:|1612873280
|move|p2a: Galvantula|Thunder Wave|p1a: Drampa
|-status|p1a: Drampa|par
|cant|p1a: Drampa|par
|
|upkeep
|turn|3
|
|t:|1612873285
|move|p2a: Galvantula|Infestation|p1a: Drampa
|-damage|p1a: Drampa|94/100 par
|-activate|p1a: Drampa|move: Infestation|[of] p2a: Galvantula
|move|p1a: Drampa|Hyper Voice|p2a: Galvantula
|-damage|p2a: Galvantula|0 fnt
|faint|p2a: Galvantula
|
|-end|p1a: Drampa|Infestation|[partiallytrapped]|[silent]
|upkeep
|
|t:|1612873303
|switch|p2a: Kingler|Kingler, M|100/100
|turn|4
|
|t:|1612873307
|move|p2a: Kingler|Agility|p2a: Kingler
|-boost|p2a: Kingler|spe|2
|cant|p1a: Drampa|par
|
|upkeep
|turn|5
|
|t:|1612873311
|move|p2a: Kingler|Swords Dance|p2a: Kingler
|-boost|p2a: Kingler|atk|2
|cant|p1a: Drampa|par
|
|upkeep
|turn|6
|c|☆cafay sen sukr|come on dudde
|
|t:|1612873316
|move|p2a: Kingler|Body Slam|p1a: Drampa
|-damage|p1a: Drampa|0 fnt
|faint|p1a: Drampa
|
|upkeep
|c|☆copydog123|oof
|c|☆cafay sen sukr|what is this bullshit
|c|☆copydog123|unlucky
|c|☆copydog123|1/16 chance
|c|☆cafay sen sukr|no
|c|☆cafay sen sukr|way less than that
|c|☆copydog123|nah full para is one in 4
|c|☆cafay sen sukr|ah ye
|c|☆copydog123|you got parad 2 out of 3 turns
|c|☆copydog123|unlucky
|c|☆cafay sen sukr|I got para vs galv too
|
|t:|1612873393
|switch|p1a: Silvally|Silvally-Ghost|100/100
|-activate|p1a: Silvally|move: Sticky Web
|-unboost|p1a: Silvally|spe|1
|turn|7
|
|t:|1612873400
|move|p2a: Kingler|Liquidation|p1a: Silvally
|-damage|p1a: Silvally|0 fnt
|faint|p1a: Silvally
|
|upkeep
|
|t:|1612873403
|switch|p1a: Beheeyem|Beheeyem, M|100/100
|-activate|p1a: Beheeyem|move: Sticky Web
|-unboost|p1a: Beheeyem|spe|1
|turn|8
|
|t:|1612873407
|move|p2a: Kingler|Liquidation|p1a: Beheeyem
|-crit|p1a: Beheeyem
|-damage|p1a: Beheeyem|0 fnt
|faint|p1a: Beheeyem
|
|upkeep
|c|☆cafay sen sukr|yea gg
|-message|cafay sen sukr forfeited.
|
|win|copydog123
|c|☆copydog123|gg
|l|☆copydog123
|raw|cafay sen sukr's rating: 1520 &rarr; <strong>1485</strong><br />(-35 for losing)
|raw|copydog123's rating: 1175 &rarr; <strong>1219</strong><br />(+44 for winning)
