|html|<div class="broadcast-blue"><strong>[Gen 8] PU is currently suspecting Drampa! For information on how to participate check out the <a href="https://www.smogon.com/forums/threads/np-pu-stage-7-i-hear-hyper-voices-in-my-head-drampa-suspect-test.3692992/">suspect thread</a>.</strong></div>
|j|‽G.CK1
|j|☆one of the bouys
|t:|1636995010
|gametype|singles
|player|p1|G.CK1|riley|1308
|player|p2|one of the bouys|clown|1611
|teamsize|p1|6
|teamsize|p2|6
|gen|8
|tier|[Gen 8] PU
|rated|
|rule|Sleep Clause Mod: Limit one foe put to sleep
|rule|Species Clause: Limit one of each Pokémon
|rule|OHKO Clause: OHKO moves are banned
|rule|Evasion Moves Clause: Evasion moves are banned
|rule|Endless Battle Clause: Forcing endless battles is banned
|rule|HP Percentage Mod: HP is shown in percentages
|rule|Dynamax Clause: You cannot dynamax
|clearpoke
|poke|p1|Drampa, M|
|poke|p1|Tsareena, F|
|poke|p1|Ribombee, M|
|poke|p1|Jellicent, M|
|poke|p1|Togedemaru, M|
|poke|p1|Weezing, M|
|poke|p2|Flapple, M|
|poke|p2|Thwackey, F|
|poke|p2|Magneton|
|poke|p2|Archeops, F|
|poke|p2|Palossand, F|
|poke|p2|Skuntank, F|
|teampreview
|inactive|Battle timer is ON: inactive players will automatically lose when time's up. (requested by G.CK1)
|inactive|one of the bouys has 120 seconds left.
|
|t:|1636995045
|start
|switch|p1a: Weezing|Weezing, M|100/100
|switch|p2a: Magneton|Magneton|100/100
|turn|1
|
|t:|1636995062
|move|p2a: Magneton|Volt Switch|p1a: Weezing
|-damage|p1a: Weezing|65/100
|
|t:|1636995066
|switch|p2a: Skuntank|Skuntank, F|100/100|[from]move: Volt Switch
|move|p1a: Weezing|Dark Pulse|p2a: Skuntank
|-resisted|p2a: Skuntank
|-damage|p2a: Skuntank|89/100
|
|-heal|p2a: Skuntank|95/100|[from] item: Black Sludge
|upkeep
|turn|2
|
|t:|1636995075
|move|p2a: Skuntank|Dark Pulse|p1a: Weezing
|-damage|p1a: Weezing|36/100
|cant|p1a: Weezing|flinch
|
|-heal|p2a: Skuntank|100/100|[from] item: Black Sludge
|upkeep
|turn|3
|
|t:|1636995081
|move|p2a: Skuntank|Dark Pulse|p1a: Weezing
|-crit|p1a: Weezing
|-damage|p1a: Weezing|0 fnt
|faint|p1a: Weezing
|
|upkeep
|
|t:|1636995102
|switch|p1a: Togedemaru|Togedemaru, M|100/100
|turn|4
|
|t:|1636995108
|switch|p2a: Magneton|Magneton|100/100
|move|p1a: Togedemaru|Zing Zap|p2a: Magneton
|-resisted|p2a: Magneton
|-damage|p2a: Magneton|85/100
|
|upkeep
|turn|5
|
|t:|1636995130
|switch|p1a: Drampa|Drampa, M|100/100
|move|p2a: Magneton|Teleport|p2a: Magneton
|
|t:|1636995136
|switch|p2a: Flapple|Flapple, M|100/100|[from]move: Teleport
|
|upkeep
|turn|6
|
|t:|1636995140
|move|p2a: Flapple|Draco Meteor|p1a: Drampa
|-supereffective|p1a: Drampa
|-damage|p1a: Drampa|0 fnt
|-unboost|p2a: Flapple|spa|2
|faint|p1a: Drampa
|-damage|p2a: Flapple|91/100|[from] item: Life Orb
|
|upkeep
|
|t:|1636995144
|switch|p1a: Ribombee|Ribombee, M|100/100
|turn|7
|
|t:|1636995146
|switch|p2a: Magneton|Magneton|85/100
|move|p1a: Ribombee|Quiver Dance|p1a: Ribombee
|-boost|p1a: Ribombee|spa|1
|-boost|p1a: Ribombee|spd|1
|-boost|p1a: Ribombee|spe|1
|
|upkeep
|turn|8
|-message|G.CK1 forfeited.
|
|win|one of the bouys
|raw|G.CK1's rating: 1308 &rarr; <strong>1302</strong><br />(-6 for losing)
|raw|one of the bouys's rating: 1611 &rarr; <strong>1617</strong><br />(+6 for winning)
|l|‽G.CK1
