|raw|<div class="broadcast-blue"><strong>This battle is required to be public due to a player having a name starting with 'pult4c1'.</div>
|j|☆PULT4C1 Haffling
|j|☆Questt
|t:|1660563867
|gametype|singles
|player|p1|PULT4C1 Haffling|cyrus|1095
|player|p2|Questt|iris|1000
|teamsize|p1|6
|teamsize|p2|6
|gen|8
|tier|[Gen 8] PU
|rated|
|rule|Sleep Clause Mod: Limit one foe put to sleep
|rule|Species Clause: Limit one of each Pokémon
|rule|OHKO Clause: OHKO moves are banned
|rule|Evasion Items Clause: Evasion items are banned
|rule|Evasion Moves Clause: Evasion moves are banned
|rule|Endless Battle Clause: Forcing endless battles is banned
|rule|HP Percentage Mod: HP is shown in percentages
|rule|Dynamax Clause: You cannot dynamax
|clearpoke
|poke|p1|Sneasel, M|
|poke|p1|Palossand, F|
|poke|p1|Lanturn, M|
|poke|p1|Weezing, F|
|poke|p1|Eldegoss, F|
|poke|p1|Scyther, M|
|poke|p2|Ditto|
|poke|p2|Whimsicott, F|
|poke|p2|Galvantula, M|
|poke|p2|Mesprit|
|poke|p2|Gallade, M|
|poke|p2|Sneasel, M|
|teampreview
|
|t:|1660563883
|start
|switch|p1a: Sneasel|Sneasel, M|100/100
|switch|p2a: Galvantula|Galvantula, M|100/100
|-ability|p2a: Galvantula|Unnerve
|turn|1
|
|t:|1660563896
|move|p1a: Sneasel|Triple Axel|p2a: Galvantula
|-damage|p2a: Galvantula|76/100
|-damage|p2a: Galvantula|31/100
|-damage|p2a: Galvantula|0 fnt
|faint|p2a: Galvantula
|-hitcount|p2: Galvantula|3
|
|upkeep
|inactive|Battle timer is ON: inactive players will automatically lose when time's up. (requested by PULT4C1 Haffling)
|-message|Questt forfeited.
|
|win|PULT4C1 Haffling
|raw|PULT4C1 Haffling's rating: 1095 &rarr; <strong>1114</strong><br />(+19 for winning)
|raw|Questt's rating: 1000 &rarr; <strong>1000</strong><br />(+0 for losing)
|l|☆Questt
||Ladder isn't responding, score probably updated but might not have (Request timeout).
|l|☆PULT4C1 Haffling
|j| jeeole
