|j|☆darksquidTwitch
|j|☆Defensive0
|t:|1666558998
|gametype|singles
|player|p1|darksquidTwitch|volkner|1096
|player|p2|Defensive0|riley|1000
|teamsize|p1|6
|teamsize|p2|6
|gen|8
|tier|[Gen 8] National Dex AG
|rated|
|rule|HP Percentage Mod: HP is shown in percentages
|rule|Endless Battle Clause: Forcing endless battles is banned
|clearpoke
|poke|p1|Magnemite, L1|
|poke|p1|Magnemite, L1|
|poke|p1|Magnemite, L1|
|poke|p1|Magnemite, L1|
|poke|p1|Magnemite, L1|
|poke|p1|Magnemite, L1|
|poke|p2|Manaphy|
|poke|p2|Ditto|
|poke|p2|Arceus-*|
|poke|p2|Magearna|
|poke|p2|Necrozma-Dawn-Wings|
|poke|p2|Shuckle, L1, F|
|teampreview
|inactive|Battle timer is ON: inactive players will automatically lose when time's up. (requested by Defensive0)
|
|t:|1666559012
|start
|switch|p1a: Infinity|Magnemite, L1, shiny|100/100
|switch|p2a: Necrozma|Necrozma-Dawn-Wings|100/100
|turn|1
|inactive|Defensive0 has 120 seconds left.
|n|☆Defensive0|defensive0
|c|☆Defensive0|Gg lol
|
|t:|1666559056
|move|p1a: Infinity|Protect|p1a: Infinity
|-singleturn|p1a: Infinity|Protect
|move|p2a: Necrozma|Photon Geyser|p1a: Infinity
|-activate|p1a: Infinity|move: Protect
|
|upkeep
|turn|2
|c|☆darksquidTwitch|Why gg?
|
|t:|1666559072
|move|p2a: Necrozma|Photon Geyser|p1a: Infinity
|-resisted|p1a: Infinity
|-damage|p1a: Infinity|0 fnt
|faint|p1a: Infinity
|
|upkeep
|c|☆Defensive0|Photon geyser claps temp6t strats
|c|☆darksquidTwitch|OH CONE ON
|inactive|darksquidTwitch has 120 seconds left.
|c|☆darksquidTwitch|COME
|c|☆darksquidTwitch|NOT CONE
|-message|darksquidTwitch forfeited.
|
|win|Defensive0
|raw|darksquidTwitch's rating: 1096 &rarr; <strong>1065</strong><br />(-31 for losing)
|raw|Defensive0's rating: 1000 &rarr; <strong>1051</strong><br />(+51 for winning)
|l|☆darksquidTwitch
