|j|☆Melanie Mark
|j|☆orange overhaul
|t:|1621092917
|gametype|singles
|player|p1|Melanie Mark|lady|1069
|player|p2|orange overhaul|wallace|1000
|teamsize|p1|6
|teamsize|p2|1
|gen|8
|tier|[Gen 8] National Dex AG
|rated|
|rule|HP Percentage Mod: HP is shown in percentages
|rule|Endless Battle Clause: Forcing endless battles is banned
|clearpoke
|poke|p1|Grimmsnarl, M|
|poke|p1|Regidrago|
|poke|p1|Sirfetch’d, M|
|poke|p1|Regieleki|
|poke|p1|Weezing-Galar, F|
|poke|p1|Lucario, F|
|poke|p2|Dragapult, L69, M|
|teampreview
|inactive|Battle timer is ON: inactive players will automatically lose when time's up. (requested by orange overhaul)
|
|t:|1621092932
|start
|switch|p1a: Regidrago|Regidrago|100/100
|switch|p2a: Dragapult|Dragapult, L69, M, shiny|100/100
|turn|1
|
|t:|1621092939
|-start|p2a: Dragapult|Dynamax
|-heal|p2a: Dragapult|100/100|[silent]
|move|p2a: Dragapult|Max Wyrmwind|p1a: Regidrago
|-supereffective|p1a: Regidrago
|-damage|p1a: Regidrago|27/100
|-unboost|p1a: Regidrago|atk|1
|move|p1a: Regidrago|Scale Shot|p2a: Dragapult
|-supereffective|p2a: Dragapult
|-damage|p2a: Dragapult|64/100
|-supereffective|p2a: Dragapult
|-damage|p2a: Dragapult|28/100
|-supereffective|p2a: Dragapult
|-damage|p2a: Dragapult|0 fnt
|faint|p2a: Dragapult
|-hitcount|p2: Dragapult|3
|
|win|Melanie Mark
|raw|Melanie Mark's rating: 1069 &rarr; <strong>1093</strong><br />(+24 for winning)
|raw|orange overhaul's rating: 1000 &rarr; <strong>1000</strong><br />(+0 for losing)
