|j|☆Lone Thief
|j|☆anythinggoessucks
|t:|1599258034
|player|p1|Lone Thief|gambler|1469
|player|p2|anythinggoessucks|kahili|1401
|teamsize|p1|6
|teamsize|p2|6
|gametype|singles
|gen|8
|tier|[Gen 8] National Dex AG
|rated|
|clearpoke
|poke|p1|Tyranitar, M|
|poke|p1|Rayquaza|
|poke|p1|Greninja, M|
|poke|p1|Zacian-Crowned|
|poke|p1|Groudon|
|poke|p1|Ho-Oh|
|poke|p2|Necrozma-Dusk-Mane|
|poke|p2|Zygarde|
|poke|p2|Rayquaza|
|poke|p2|Ditto|
|poke|p2|Groudon|
|poke|p2|Xerneas|
|rule|HP Percentage Mod: HP is shown in percentages
|rule|Endless Battle Clause: Forcing endless battles is banned
|teampreview
|inactive|Battle timer is ON: inactive players will automatically lose when time's up. (requested by Lone Thief)
|
|t:|1599258051
|start
|switch|p1a: Ho-Oh|Ho-Oh|100/100
|switch|p2a: Zygarde|Zygarde|100/100
|turn|1
|
|t:|1599258060
|move|p2a: Zygarde|Substitute|p2a: Zygarde
|-start|p2a: Zygarde|Substitute
|-damage|p2a: Zygarde|75/100
|move|p1a: Ho-Oh|Toxic||[still]
|-fail|p1a: Ho-Oh
|
|-heal|p2a: Zygarde|82/100|[from] item: Leftovers
|upkeep
|turn|2
|
|t:|1599258070
|switch|p1a: Groudon|Groudon|100/100
|detailschange|p1a: Groudon|Groudon-Primal
|-primal|p1a: Groudon
|-weather|DesolateLand|[from] ability: Desolate Land|[of] p1a: Groudon
|move|p2a: Zygarde|Dragon Dance|p2a: Zygarde
|-boost|p2a: Zygarde|atk|1
|-boost|p2a: Zygarde|spe|1
|
|-weather|DesolateLand|[upkeep]
|-heal|p2a: Zygarde|88/100|[from] item: Leftovers
|upkeep
|turn|3
|
|t:|1599258080
|move|p2a: Zygarde|Glare|p1a: Groudon
|-status|p1a: Groudon|par
|cant|p1a: Groudon|par
|
|-weather|DesolateLand|[upkeep]
|-heal|p2a: Zygarde|94/100|[from] item: Leftovers
|upkeep
|turn|4
|-message|Lone Thief forfeited.
|
|win|anythinggoessucks
|l|☆Lone Thief
|raw|Lone Thief's rating: 1479 &rarr; <strong>1455</strong><br />(-24 for losing)
|raw|anythinggoessucks's rating: 1401 &rarr; <strong>1425</strong><br />(+24 for winning)
|l|☆anythinggoessucks
|j|☆anythinggoessucks
|player|p2|anythinggoessucks|kahili
