|j|☆Charinjago
|j|☆BasakBooster1
|t:|1664779338
|gametype|singles
|player|p1|Charinjago|brycenman|1296
|player|p2|BasakBooster1|lucas|1404
|teamsize|p1|6
|teamsize|p2|6
|gen|8
|tier|[Gen 8] National Dex AG
|rated|
|rule|HP Percentage Mod: HP is shown in percentages
|rule|Endless Battle Clause: Forcing endless battles is banned
|clearpoke
|poke|p1|Vivillon-Polar, M|
|poke|p1|Vivillon-Fancy, F|
|poke|p1|Vivillon-Pokeball, F|
|poke|p1|Vivillon-Savanna, F|
|poke|p1|Vivillon-Ocean, F|
|poke|p1|Vivillon-Monsoon, M|
|poke|p2|Groudon|
|poke|p2|Rayquaza|
|poke|p2|Zygarde|
|poke|p2|Calyrex-Shadow|
|poke|p2|Arceus-*|
|poke|p2|Arceus-*|
|teampreview
|inactive|Battle timer is ON: inactive players will automatically lose when time's up. (requested by Charinjago)
|inactive|BasakBooster1 has 120 seconds left.
|
|t:|1664779381
|start
|switch|p1a: Forfeit|Vivillon-Polar, M, shiny|100/100
|switch|p2a: the gwoat|Rayquaza|100/100
|-ability|p2a: the gwoat|Air Lock
|turn|1
|
|t:|1664779391
|detailschange|p2a: the gwoat|Rayquaza-Mega
|-mega|p2a: the gwoat|Rayquaza|
|-weather|DeltaStream|[from] ability: Delta Stream|[of] p2a: the gwoat
|move|p2a: the gwoat|Scale Shot|p1a: Forfeit
|-damage|p1a: Forfeit|52/100
|-damage|p1a: Forfeit|9/100
|-hitcount|p1a: Forfeit|2
|-unboost|p2a: the gwoat|def|1
|-boost|p2a: the gwoat|spe|1
|-damage|p2a: the gwoat|91/100|[from] item: Life Orb
|move|p1a: Forfeit|Sleep Powder|p2a: the gwoat
|-status|p2a: the gwoat|slp|[from] move: Sleep Powder
|
|-weather|DeltaStream|[upkeep]
|-heal|p1a: Forfeit|15/100|[from] item: Leftovers
|upkeep
|turn|2
|
|t:|1664779409
|cant|p2a: the gwoat|slp
|move|p1a: Forfeit|Quiver Dance|p1a: Forfeit
|-boost|p1a: Forfeit|spa|1
|-boost|p1a: Forfeit|spd|1
|-boost|p1a: Forfeit|spe|1
|
|-weather|DeltaStream|[upkeep]
|-heal|p1a: Forfeit|21/100|[from] item: Leftovers
|upkeep
|turn|3
|
|t:|1664779421
|cant|p2a: the gwoat|slp
|move|p1a: Forfeit|Quiver Dance|p1a: Forfeit
|-boost|p1a: Forfeit|spa|1
|-boost|p1a: Forfeit|spd|1
|-boost|p1a: Forfeit|spe|1
|
|-weather|DeltaStream|[upkeep]
|-heal|p1a: Forfeit|27/100|[from] item: Leftovers
|upkeep
|turn|4
|
|t:|1664779430
|-curestatus|p2a: the gwoat|slp|[msg]
|move|p2a: the gwoat|Extreme Speed|p1a: Forfeit
|-damage|p1a: Forfeit|0 fnt
|faint|p1a: Forfeit
|-damage|p2a: the gwoat|81/100|[from] item: Life Orb
|
|-weather|DeltaStream|[upkeep]
|upkeep
|c|☆BasakBooster1|your rly banking a lot on 3 turns lol
|-message|Charinjago forfeited.
|
|win|BasakBooster1
|raw|Charinjago's rating: 1296 &rarr; <strong>1279</strong><br />(-17 for losing)
|raw|BasakBooster1's rating: 1404 &rarr; <strong>1418</strong><br />(+14 for winning)
|l|☆Charinjago
