|j|☆Jerone.mp4
|j|☆Uwu fishy
|t:|1640874392
|gametype|singles
|player|p1|Jerone.mp4|guitarist|1417
|player|p2|Uwu fishy|unknownf|1640
|teamsize|p1|6
|teamsize|p2|6
|gen|8
|tier|[Gen 8] National Dex AG
|rated|
|rule|HP Percentage Mod: HP is shown in percentages
|rule|Endless Battle Clause: Forcing endless battles is banned
|clearpoke
|poke|p1|Marshadow|
|poke|p1|Calyrex-Shadow|
|poke|p1|Zacian-*|
|poke|p1|Yveltal|
|poke|p1|Banette, F|
|poke|p1|Pheromosa|
|poke|p2|Rayquaza|
|poke|p2|Kyogre|
|poke|p2|Necrozma-Dusk-Mane|
|poke|p2|Zacian-*|
|poke|p2|Zygarde|
|poke|p2|Yveltal|
|teampreview
|inactive|Battle timer is ON: inactive players will automatically lose when time's up. (requested by Uwu fishy)
|inactive|Jerone.mp4 also wants the timer to be on.
|l|☆Uwu fishy
|inactive|Uwu fishy disconnected and has a minute to reconnect!
|player|p2|
|j|☆Uwu fishy
|inactive|Uwu fishy reconnected and has 120 seconds left.
|player|p2|Uwu fishy|unknownf
|j| crepetony
|
|t:|1640874428
|start
|switch|p1a: Pheromosa|Pheromosa, shiny|100/100
|switch|p2a: Rayquaza|Rayquaza|100/100
|-ability|p2a: Rayquaza|Air Lock
|turn|1
|
|t:|1640874436
|detailschange|p2a: Rayquaza|Rayquaza-Mega
|-mega|p2a: Rayquaza|Rayquaza|
|-weather|DeltaStream|[from] ability: Delta Stream|[of] p2a: Rayquaza
|move|p2a: Rayquaza|Extreme Speed|p1a: Pheromosa
|-damage|p1a: Pheromosa|0 fnt
|faint|p1a: Pheromosa
|
|-weather|DeltaStream|[upkeep]
|upkeep
|-message|Jerone.mp4 forfeited.
|
|win|Uwu fishy
|raw|Jerone.mp4's rating: 1417 &rarr; <strong>1408</strong><br />(-9 for losing)
|raw|Uwu fishy's rating: 1640 &rarr; <strong>1649</strong><br />(+9 for winning)
|l|☆Jerone.mp4
