|j|☆nanxue
|j|☆AntiCheesingPolice
|t:|1662705337
|gametype|singles
|player|p1|nanxue|n|1066
|player|p2|AntiCheesingPolice|policeman|1000
|teamsize|p1|6
|teamsize|p2|6
|gen|8
|tier|[Gen 8] National Dex AG
|rated|
|rule|HP Percentage Mod: HP is shown in percentages
|rule|Endless Battle Clause: Forcing endless battles is banned
|clearpoke
|poke|p1|Darmanitan-Galar, F|
|poke|p1|Smeargle, F|
|poke|p1|Gengar, M|
|poke|p1|Ditto|
|poke|p1|Shuckle, M|
|poke|p1|Whimsicott, L1, M|
|poke|p2|Melmetal|
|poke|p2|Clefable, F|
|poke|p2|Greninja, F|
|poke|p2|Blastoise, M|
|poke|p2|Marshadow|
|poke|p2|Magearna|
|teampreview
|
|t:|1662705346
|start
|switch|p1a: Shuckle|Shuckle, M|100/100
|switch|p2a: Melmetal|Melmetal|100/100
|turn|1
|
|t:|1662705352
|move|p2a: Melmetal|Double Iron Bash|p1a: Shuckle
|-supereffective|p1a: Shuckle
|-damage|p1a: Shuckle|43/100
|-supereffective|p1a: Shuckle
|-damage|p1a: Shuckle|0 fnt
|faint|p1a: Shuckle
|-hitcount|p1: Shuckle|2
|
|upkeep
|
|t:|1662705360
|switch|p1a: Smeargle|Smeargle, F|100/100
|turn|2
|
|t:|1662705363
|move|p1a: Smeargle|Spore|p2a: Melmetal
|-status|p2a: Melmetal|slp|[from] move: Spore
|cant|p2a: Melmetal|slp
|move|p2a: Melmetal|Sleep Talk|p2a: Melmetal
|move|p2a: Melmetal|Double Iron Bash|p1a: Smeargle|[from]move: Sleep Talk
|-enditem|p1a: Smeargle|Focus Sash
|-damage|p1a: Smeargle|1/100
|-damage|p1a: Smeargle|0 fnt
|faint|p1a: Smeargle
|-hitcount|p1: Smeargle|2
|
|upkeep
|-message|nanxue forfeited.
|
|win|AntiCheesingPolice
|raw|nanxue's rating: 1066 &rarr; <strong>1042</strong><br />(-24 for losing)
|raw|AntiCheesingPolice's rating: 1000 &rarr; <strong>1048</strong><br />(+48 for winning)
|l|☆nanxue
