|j|☆Wangboii
|j|☆TDEB
|t:|1661351539
|gametype|singles
|player|p1|Wangboii|skyla|1093
|player|p2|TDEB|unknown|1167
|teamsize|p1|3
|teamsize|p2|6
|gen|8
|tier|[Gen 8] National Dex AG
|rated|
|rule|HP Percentage Mod: HP is shown in percentages
|rule|Endless Battle Clause: Forcing endless battles is banned
|clearpoke
|poke|p1|Buzzwole|
|poke|p1|Clefable, F|
|poke|p1|Regieleki|
|poke|p2|Darmanitan-Galar, M|
|poke|p2|Heracross, M|
|poke|p2|Corsola-Galar, M|
|poke|p2|Melmetal|
|poke|p2|Diancie|
|poke|p2|Naganadel|
|teampreview
|inactive|Battle timer is ON: inactive players will automatically lose when time's up. (requested by TDEB)
|
|t:|1661351544
|start
|switch|p1a: Regieleki|Regieleki|100/100
|switch|p2a: Your Mom|Darmanitan-Galar, M, shiny|100/100
|turn|1
|
|t:|1661351552
|move|p1a: Regieleki|Reflect|p1a: Regieleki
|-sidestart|p1: Wangboii|Reflect
|move|p2a: Your Mom|Earthquake|p1a: Regieleki
|-supereffective|p1a: Regieleki
|-damage|p1a: Regieleki|0 fnt
|faint|p1a: Regieleki
|
|upkeep
|
|t:|1661351556
|switch|p1a: Clefable|Clefable, F|100/100
|turn|2
|
|t:|1661351560
|-start|p2a: Your Mom|Dynamax|
|-heal|p2a: Your Mom|100/100|[silent]
|move|p2a: Your Mom|Max Steelspike|p1a: Clefable
|-supereffective|p1a: Clefable
|-damage|p1a: Clefable|48/100
|-boost|p2a: Your Mom|def|1
|move|p1a: Clefable|Minimize|p1a: Clefable
|-boost|p1a: Clefable|evasion|2
|
|-heal|p1a: Clefable|54/100|[from] item: Leftovers
|upkeep
|turn|3
|
|t:|1661351567
|move|p2a: Your Mom|Max Steelspike|p1a: Clefable
|-supereffective|p1a: Clefable
|-damage|p1a: Clefable|0 fnt
|-boost|p2a: Your Mom|def|1
|faint|p1a: Clefable
|
|upkeep
|l|☆Wangboii
|inactive|Wangboii disconnected and has a minute to reconnect!
|player|p1|
|inactive|Wangboii has 30 seconds to reconnect!
|inactive|Wangboii has 20 seconds to reconnect!
|inactive|Wangboii has 15 seconds to reconnect!
|inactive|Wangboii has 10 seconds to reconnect!
|inactive|Wangboii has 5 seconds to reconnect!
|-message|Wangboii lost due to inactivity.
|
|win|TDEB
|raw|Wangboii's rating: 1093 &rarr; <strong>1074</strong><br />(-19 for losing)
|raw|TDEB's rating: 1167 &rarr; <strong>1187</strong><br />(+20 for winning)
||Ladder isn't responding, score probably updated but might not have (Request timeout).
