|j|‽rowletroost
|j|☆Master of Pyroars
|t:|1642460429
|gametype|singles
|player|p1|rowletroost|lance|1868
|player|p2|Master of Pyroars|2|1774
|teamsize|p1|6
|teamsize|p2|6
|gen|8
|tier|[Gen 8] National Dex AG
|rated|
|rule|HP Percentage Mod: HP is shown in percentages
|rule|Endless Battle Clause: Forcing endless battles is banned
|clearpoke
|poke|p1|Arceus-*|
|poke|p1|Xerneas-*|
|poke|p1|Kyogre|
|poke|p1|Marshadow|
|poke|p1|Ribombee, F|
|poke|p1|Vivillon-Savanna, F|
|poke|p2|Groudon|
|poke|p2|Chansey, F|
|poke|p2|Ho-Oh|
|poke|p2|Necrozma-Dusk-Mane|
|poke|p2|Zygarde|
|poke|p2|Tyranitar, M|
|teampreview
|inactive|Battle timer is ON: inactive players will automatically lose when time's up. (requested by rowletroost)
|
|t:|1642460447
|start
|switch|p1a: Kyogre|Kyogre, shiny|100/100
|switch|p2a: Groudon|Groudon|100/100
|detailschange|p2a: Groudon|Groudon-Primal
|-primal|p2a: Groudon
|-weather|DesolateLand|[from] ability: Desolate Land|[of] p2a: Groudon
|detailschange|p1a: Kyogre|Kyogre-Primal, shiny
|-primal|p1a: Kyogre
|-weather|PrimordialSea|[from] ability: Primordial Sea|[of] p1a: Kyogre
|turn|1
|
|t:|1642460457
|-weather|none
|switch|p1a: Vivillon|Vivillon-Savanna, F|100/100
|move|p2a: Groudon|Precipice Blades|p1a: Vivillon
|-immune|p1a: Vivillon
|
|upkeep
|turn|2
|
|t:|1642460463
|move|p2a: Groudon|Fire Blast|p1a: Vivillon|[miss]
|-miss|p2a: Groudon|p1a: Vivillon
|move|p1a: Vivillon|Sleep Powder|p2a: Groudon
|-status|p2a: Groudon|slp|[from] move: Sleep Powder
|
|upkeep
|turn|3
|-message|Master of Pyroars forfeited.
|
|win|rowletroost
|raw|rowletroost's rating: 1868 &rarr; <strong>1883</strong><br />(+15 for winning)
|raw|Master of Pyroars's rating: 1774 &rarr; <strong>1759</strong><br />(-15 for losing)
||Ladder isn't responding, score probably updated but might not have (Request timeout).
