|j|☆testingstupidteams
|j|☆CharizardGirl13YT
|t:|1647047135
|gametype|singles
|player|p1|testingstupidteams|ninjaboy|1350
|player|p2|CharizardGirl13YT|dawn|1406
|teamsize|p1|6
|teamsize|p2|6
|gen|8
|tier|[Gen 8] National Dex AG
|rated|
|rule|HP Percentage Mod: HP is shown in percentages
|rule|Endless Battle Clause: Forcing endless battles is banned
|clearpoke
|poke|p1|Shuckle, M|
|poke|p1|Dugtrio, M|
|poke|p1|Gothitelle, F|
|poke|p1|Landorus-Therian, M|
|poke|p1|Durant, M|
|poke|p1|Weavile, M|
|poke|p2|Kartana|
|poke|p2|Naganadel|
|poke|p2|Pheromosa|
|poke|p2|Xurkitree|
|poke|p2|Guzzlord|
|poke|p2|Nihilego|
|teampreview
|inactive|Battle timer is ON: inactive players will automatically lose when time's up. (requested by testingstupidteams)
|c|☆CharizardGirl13YT|Like the team.
|
|t:|1647047162
|start
|switch|p1a: Shucks|Shuckle, M|100/100
|switch|p2a: Xurkitree|Xurkitree|100/100
|turn|1
|
|t:|1647047167
|-zpower|p2a: Xurkitree
|move|p2a: Xurkitree|Z-Hypnosis|p1a: Shucks|[anim]Hypnosis
|-boost|p2a: Xurkitree|spe|1|[zeffect]
|-status|p1a: Shucks|slp|[from] move: Hypnosis
|cant|p1a: Shucks|slp
|
|upkeep
|turn|2
|
|t:|1647047178
|move|p2a: Xurkitree|Tail Glow|p2a: Xurkitree
|-boost|p2a: Xurkitree|spa|3
|-curestatus|p1a: Shucks|slp|[msg]
|move|p1a: Shucks|Sticky Web|p2a: Xurkitree
|-sidestart|p2: CharizardGirl13YT|move: Sticky Web
|
|upkeep
|turn|3
|
|t:|1647047182
|move|p2a: Xurkitree|Thunderbolt|p1a: Shucks
|-damage|p1a: Shucks|6/100
|move|p1a: Shucks|Encore|p2a: Xurkitree
|-start|p2a: Xurkitree|Encore
|
|upkeep
|turn|4
|
|t:|1647047201
|move|p2a: Xurkitree|Thunderbolt|p1a: Shucks
|-damage|p1a: Shucks|0 fnt
|faint|p1a: Shucks
|-ability|p2a: Xurkitree|Beast Boost|boost
|-boost|p2a: Xurkitree|spa|1
|
|upkeep
|
|t:|1647047206
|switch|p1a: uops I missed|Durant, M, shiny|100/100
|turn|5
|
|t:|1647047210
|move|p2a: Xurkitree|Thunderbolt|p1a: uops I missed
|-damage|p1a: uops I missed|0 fnt
|faint|p1a: uops I missed
|-ability|p2a: Xurkitree|Beast Boost|boost
|-boost|p2a: Xurkitree|spa|1
|
|upkeep
|-message|testingstupidteams forfeited.
|
|win|CharizardGirl13YT
|raw|testingstupidteams's rating: 1350 &rarr; <strong>1333</strong><br />(-17 for losing)
|raw|CharizardGirl13YT's rating: 1406 &rarr; <strong>1423</strong><br />(+17 for winning)
|l|☆testingstupidteams
