|j|☆Chiny
|j|☆big bad alolem
|player|p1|Chiny|unknownf|1166
|player|p2|big bad alolem|1|1071
|teamsize|p1|6
|teamsize|p2|6
|gametype|singles
|gen|8
|tier|[Gen 8] RU
|rated|
|clearpoke
|poke|p1|Alcremie, F|
|poke|p1|Steelix, M|
|poke|p1|Charizard, F|
|poke|p1|Dhelmise|
|poke|p1|Barraskewda, M|
|poke|p1|Quagsire, M|
|poke|p2|Linoone, F|
|poke|p2|Decidueye, M|
|poke|p2|Persian-Alola, M|
|poke|p2|Rapidash, M|
|poke|p2|Sandaconda, F|
|poke|p2|Xatu, M|
|rule|Sleep Clause Mod: Limit one foe put to sleep
|rule|Species Clause: Limit one of each Pokémon
|rule|OHKO Clause: OHKO moves are banned
|rule|Evasion Moves Clause: Evasion moves are banned
|rule|Endless Battle Clause: Forcing endless battles is banned
|rule|HP Percentage Mod: HP is shown in percentages
|rule|Dynamax Clause: You cannot dynamax
|teampreview
|inactive|Battle timer is ON: inactive players will automatically lose when time's up. (requested by big bad alolem)
|inactive|Chiny has 120 seconds left.
|inactive|Chiny has 90 seconds left.
|
|start
|switch|p1a: Dhelmise|Dhelmise|100/100
|switch|p2a: Persian|Persian-Alola, M|100/100
|turn|1
|
|move|p2a: Persian|Foul Play|p1a: Dhelmise
|-supereffective|p1a: Dhelmise
|-crit|p1a: Dhelmise
|-damage|p1a: Dhelmise|0 fnt
|faint|p1a: Dhelmise
|
|upkeep
|
|switch|p1a: Barraskewda|Barraskewda, M|100/100
|turn|2
|
|move|p1a: Barraskewda|Close Combat|p2a: Persian
|-supereffective|p2a: Persian
|-damage|p2a: Persian|41/100
|-unboost|p1a: Barraskewda|def|1
|-unboost|p1a: Barraskewda|spd|1
|move|p2a: Persian|Foul Play|p1a: Barraskewda
|-damage|p1a: Barraskewda|0 fnt
|faint|p1a: Barraskewda
|
|-heal|p2a: Persian|47/100|[from] item: Leftovers
|upkeep
|
|switch|p1a: Alcremie|Alcremie, F|100/100
|turn|3
|
|move|p2a: Persian|Parting Shot|p1a: Alcremie
|-unboost|p1a: Alcremie|atk|1
|-unboost|p1a: Alcremie|spa|1
|
|switch|p2a: Rapidash|Rapidash, M|100/100|[from]move: Parting Shot
|move|p1a: Alcremie|Mystical Fire|p2a: Rapidash
|-start|p2a: Rapidash|ability: Flash Fire
|
|upkeep
|turn|4
|
|-end|p2a: Rapidash|ability: Flash Fire|[silent]
|switch|p2a: Decidueye|Decidueye, M|100/100
|switch|p1a: Quagsire|Quagsire, M|100/100
|
|upkeep
|turn|5
|-message|Chiny forfeited.
|
|win|big bad alolem
|l|☆Chiny
|raw|Chiny's rating: 1166 &rarr; <strong>1134</strong><br />(-32 for losing)
|raw|big bad alolem's rating: 1071 &rarr; <strong>1108</strong><br />(+37 for winning)
