|j|☆puppacino402
|j|☆stoward
|t:|1617964899
|gametype|singles
|player|p1|puppacino402|266|1181
|player|p2|stoward|evelyn|1316
|teamsize|p1|6
|teamsize|p2|6
|gen|8
|tier|[Gen 8] RU
|rated|
|clearpoke
|poke|p1|Polteageist|
|poke|p1|Hitmonlee, M|
|poke|p1|Indeedee, M|
|poke|p1|Bronzong|
|poke|p1|Crobat, M|
|poke|p1|Cloyster, M|
|poke|p2|Suicune|
|poke|p2|Weezing-Galar, M|
|poke|p2|Umbreon, F|
|poke|p2|Mienshao, F|
|poke|p2|Steelix, M|
|poke|p2|Xatu, F|
|rule|Sleep Clause Mod: Limit one foe put to sleep
|rule|Species Clause: Limit one of each Pokémon
|rule|OHKO Clause: OHKO moves are banned
|rule|Evasion Moves Clause: Evasion moves are banned
|rule|Endless Battle Clause: Forcing endless battles is banned
|rule|HP Percentage Mod: HP is shown in percentages
|rule|Dynamax Clause: You cannot dynamax
|teampreview
|c|☆stoward|hf
|inactive|Battle timer is ON: inactive players will automatically lose when time's up. (requested by puppacino402)
|
|t:|1617964918
|start
|switch|p1a: Indeedee|Indeedee, M|100/100
|switch|p2a: Weezing|Weezing-Galar, M|100/100
|-ability|p2a: Weezing|Neutralizing Gas
|turn|1
|c|☆puppacino402|you too
|
|t:|1617964926
|-end|p2a: Weezing|ability: Neutralizing Gas
|-fieldstart|move: Psychic Terrain|[from] ability: Psychic Surge|[of] p1a: Indeedee
|switch|p2a: Umbreon|Umbreon, F|100/100
|move|p1a: Indeedee|Expanding Force|p2a: Umbreon
|-immune|p2a: Umbreon
|
|upkeep
|turn|2
|
|t:|1617964934
|switch|p2a: Weezing|Weezing-Galar, M|100/100
|-ability|p2a: Weezing|Neutralizing Gas
|move|p1a: Indeedee|Trick|p2a: Weezing
|-activate|p1a: Indeedee|move: Trick|[of] p2a: Weezing
|-item|p2a: Weezing|Ring Target|[from] move: Trick
|-item|p1a: Indeedee|Black Sludge|[from] move: Trick
|
|-damage|p1a: Indeedee|88/100|[from] item: Black Sludge
|upkeep
|turn|3
|c|☆puppacino402|there are too few players in RU if you predicted that
|inactive|puppacino402 has 120 seconds left.
|c|☆stoward|lmao
|
|t:|1617964970
|-end|p2a: Weezing|ability: Neutralizing Gas
|switch|p2a: Umbreon|Umbreon, F|100/100
|move|p1a: Indeedee|Expanding Force|p2a: Umbreon
|-immune|p2a: Umbreon
|
|-damage|p1a: Indeedee|76/100|[from] item: Black Sludge
|upkeep
|turn|4
|inactive|puppacino402 has 120 seconds left.
|
|t:|1617964984
|switch|p1a: Crobat|Crobat, M|100/100
|move|p2a: Umbreon|Foul Play|p1a: Crobat
|-damage|p1a: Crobat|73/100
|
|upkeep
|turn|5
|inactive|puppacino402 has 120 seconds left.
|
|t:|1617964994
|switch|p2a: Steelix|Steelix, M|100/100
|move|p1a: Crobat|Toxic|p2a: Steelix
|-immune|p2a: Steelix
|
|-fieldend|move: Psychic Terrain
|upkeep
|turn|6
|inactive|puppacino402 has 120 seconds left.
|-message|puppacino402 forfeited.
|
|win|stoward
|raw|puppacino402's rating: 1181 &rarr; <strong>1165</strong><br />(-16 for losing)
|raw|stoward's rating: 1316 &rarr; <strong>1329</strong><br />(+13 for winning)
|l|☆puppacino402
|c|☆stoward|gg
