|j|☆Bipin Khanal
|j|☆nick A random dude
|t:|1664632250
|gametype|singles
|player|p1|Bipin Khanal|101|1062
|player|p2|nick A random dude|steven|1176
|teamsize|p1|6
|teamsize|p2|6
|gen|8
|tier|[Gen 8] Ubers
|rated|
|rule|Sleep Clause Mod: Limit one foe put to sleep
|rule|Species Clause: Limit one of each Pokémon
|rule|OHKO Clause: OHKO moves are banned
|rule|Evasion Items Clause: Evasion items are banned
|rule|Evasion Moves Clause: Evasion moves are banned
|rule|Endless Battle Clause: Forcing endless battles is banned
|rule|HP Percentage Mod: HP is shown in percentages
|rule|Dynamax Clause: You cannot dynamax
|clearpoke
|poke|p1|Calyrex-Shadow|
|poke|p1|Zeraora|
|poke|p1|Eternatus|
|poke|p1|Zygarde|
|poke|p1|Necrozma-Dusk-Mane|
|poke|p1|Xerneas-*|
|poke|p2|Ferrothorn, M|
|poke|p2|Zapdos|
|poke|p2|Tapu Fini|
|poke|p2|Marshadow|
|poke|p2|Mew|
|poke|p2|Volcarona, F|
|teampreview
|
|t:|1664632266
|start
|switch|p1a: Xerneas|Xerneas|100/100
|switch|p2a: Mew|Mew, shiny|100/100
|-ability|p1a: Xerneas|Fairy Aura
|turn|1
|
|t:|1664632275
|switch|p2a: Marshy|Marshadow|100/100
|move|p1a: Xerneas|Geomancy||[still]
|-prepare|p1a: Xerneas|Geomancy
|-enditem|p1a: Xerneas|Power Herb
|-anim|p1a: Xerneas|Geomancy|p1a: Xerneas
|-boost|p1a: Xerneas|spa|2
|-boost|p1a: Xerneas|spd|2
|-boost|p1a: Xerneas|spe|2
|
|upkeep
|turn|2
|c|☆nick A random dude|fk this
|-message|nick A random dude forfeited.
|
|win|Bipin Khanal
|raw|Bipin Khanal's rating: 1062 &rarr; <strong>1102</strong><br />(+40 for winning)
|raw|nick A random dude's rating: 1176 &rarr; <strong>1143</strong><br />(-33 for losing)
|l|☆nick A random dude
||Ladder isn't responding, score probably updated but might not have (Request timeout).
