|j|☆Jupiter's Daylight
|j|☆Eledyr
|t:|1650996248
|gametype|singles
|player|p1|Jupiter's Daylight|morty-gen2|
|player|p2|Eledyr|klara|
|teamsize|p1|6
|teamsize|p2|6
|gen|8
|tier|[Gen 8] Ubers
|rule|Sleep Clause Mod: Limit one foe put to sleep
|rule|Species Clause: Limit one of each Pokémon
|rule|OHKO Clause: OHKO moves are banned
|rule|Evasion Moves Clause: Evasion moves are banned
|rule|Endless Battle Clause: Forcing endless battles is banned
|rule|HP Percentage Mod: HP is shown in percentages
|rule|Dynamax Clause: You cannot dynamax
|clearpoke
|poke|p1|Urshifu-*, F|
|poke|p1|Tapu Fini|
|poke|p1|Jirachi|
|poke|p1|Yveltal|
|poke|p1|Eternatus|
|poke|p1|Landorus-Therian, M|
|poke|p2|Yveltal|
|poke|p2|Xerneas-*|
|poke|p2|Aerodactyl, M|
|poke|p2|Calyrex-Shadow|
|poke|p2|Necrozma-Dusk-Mane|
|poke|p2|Eternatus|
|teampreview
|c|☆Eledyr|have fun
|j|+Aporetic
|j| pluralist
|j|&Kennedy
|c|☆Jupiter's Daylight|Likewise
|j| Nakeeb^*!
|j| adaire
|j| coronal@!
|c|&Kennedy|ALLEZZZZZ
|j|+mochi ぼっち
|c|&Kennedy|LETS GOOO JUPYYYYYY
|n| coronal|coronal
|j| Minogod94
|c| pluralist|Go TVFxTHP!
|j|+Tuthur
|j|+LaBalladeDesCieux
|c|+Aporetic|Do it unless you want 1000 Desculin pings
|j| Givra no bi ☯
|j| jaspic497
|c|&Kennedy|Stfu pluralist
|c|☆Jupiter's Daylight|Please don't Bayern me
|c|☆Jupiter's Daylight|abeg
|c| pluralist|LOL
|c| coronal|lets goooooo
|j| Dieu Amphibien
|c| jaspic497|de battle begin
|j| Floss
|c| Floss|LETS GO JD
|j| Tpc is here
|n| tiflamme|jaspic497
|j| Mao112
|
|t:|1650996341
|start
|switch|p1a: Eternatus|Eternatus|100/100
|switch|p2a: Aerodactyl|Aerodactyl, M|100/100
|-ability|p2a: Aerodactyl|Pressure
|-ability|p1a: Eternatus|Pressure
|turn|1
|j|+Dragonillis
|c|&Kennedy|Win it so I can be mean to pujo
|c|+Aporetic|These man voted Mbappe for president
|j| Lizardu
|j| Chose Truc ◇
|c|+Aporetic|Can’t lose to then
|c| coronal|LOL
|c|&Kennedy|Actually I’ll do it anyway
|j|%Clementine
|j| The Magic Sword3
|j| Messi Retires
|c|%Clementine|shut up Kennedy
|c|+mochi ぼっち|Kennedy is old....
|c|&Kennedy|…..
|c|%Clementine|Kennedy do you have perms to update existing custom avatars
|c|&Kennedy|No
|j| Osake@!
|c|%Clementine|why
|n| TheFrostIsBegin|tiflamme
|
|t:|1650996396
|switch|p1a: Landorus|Landorus-Therian, M|100/100
|-ability|p1a: Landorus|Intimidate|boost
|-unboost|p2a: Aerodactyl|atk|1
|move|p2a: Aerodactyl|Stealth Rock|p1a: Landorus
|-sidestart|p1: Jupiter's Daylight|move: Stealth Rock
|
|upkeep
|turn|2
|c|&Kennedy|Only marty and zarel do
|c| pluralist|Mbappé devrait être président
|l| TheFrostIsBegin
|j| TheFrostIsBegin
|j|+Altthiel
|l| Messi Retires
|
|t:|1650996408
|move|p2a: Aerodactyl|Taunt|p1a: Landorus
|-start|p1a: Landorus|move: Taunt
|cant|p1a: Landorus|move: Taunt|Stealth Rock
|
|upkeep
|turn|3
|c|&Kennedy|Baguette
|c| TheFrostIsBegin|keskidpas
|c| pluralist|oui oui
|j|+Alexander489
|c|%Clementine|if i give you my new xmas avatar
|
|t:|1650996422
|move|p2a: Aerodactyl|Rock Tomb|p1a: Landorus
|-damage|p1a: Landorus|88/100
|-unboost|p1a: Landorus|spe|1
|move|p1a: Landorus|U-turn|p2a: Aerodactyl
|-resisted|p2a: Aerodactyl
|-damage|p2a: Aerodactyl|81/100
|c|+Alexander489|yoyoyo
|c|%Clementine|can you ask zarel to update it :3
|c|&Kennedy|Yeah
|c|&Kennedy|well
|j| AuSlove.TV D
|c|&Kennedy|i’ll get marty to
|l| AuSlove.TV D
|j| Messi Retires
|c|+Altthiel|post it here
|j| Agarica
|c|&Kennedy|because he is actually alive
|c|%Clementine|i know its not christmas yet
|c|&Kennedy|pm me on disc
|j| PokemonCestDur
|c| Messi Retires|VAMOS
|
|t:|1650996456
|switch|p1a: Jirachi|Jirachi|100/100|[from]move: U-turn
|-damage|p1a: Jirachi|94/100|[from] Stealth Rock
|
|-heal|p1a: Jirachi|100/100|[from] item: Leftovers
|upkeep
|turn|4
|c|&Kennedy|Ye it’s fine probably
|c| Messi Retires|JUPES
|c| Messi Retires|VAMOS
|c|☆Eledyr|nice avy btw kennedy
|c| Messi Retires|VAMOS
|c|%Clementine|but everyday around Altthiel feels like it
|c|+mochi ぼっち|Arsenal FC > Paris Saint Germain
|c|&Kennedy|Thanks Eldyr
|c|&Kennedy|it’s not mine
|c|+Altthiel|:flushed:
|j|+Emeri ✿
|c|+Altthiel|he says that
|c|+Altthiel|because I give him presents
|c|&Kennedy|Idk what it even is
|j| Scavet
|c| pluralist|Ma petite amie m'a quitté pour un Français
|c|+mochi ぼっち|Martinelli > Mbappé
|l| Tpc is here
|c| Messi Retires|YOU BETTER WIN JUPES
|c|+Altthiel|like I'm hissugar daddy or something
|c|☆Jupiter's Daylight|Both teams playing like Cholo out here
|c|+Altthiel|smh
|c|+Alexander489|nuis avatar lmao
|
|t:|1650996492
|move|p2a: Aerodactyl|Taunt|p1a: Jirachi
|-start|p1a: Jirachi|move: Taunt
|move|p1a: Jirachi|Doom Desire|p2a: Aerodactyl
|-start|p1a: Jirachi|Doom Desire
|
|upkeep
|turn|5
|c|☆Jupiter's Daylight|super defensive
|c|☆Jupiter's Daylight|innit
|l| Scavet
|j| Scavet
|j| Tpc is here
|l| Chose Truc ◇
|
|t:|1650996504
|move|p2a: Aerodactyl|Rock Tomb|p1a: Jirachi
|-resisted|p1a: Jirachi
|-damage|p1a: Jirachi|93/100
|-unboost|p1a: Jirachi|spe|1
|move|p1a: Jirachi|U-turn|p2a: Aerodactyl
|-resisted|p2a: Aerodactyl
|-damage|p2a: Aerodactyl|69/100
|c|&Kennedy|Could you be my sugar daddy, altthiel?
|
|t:|1650996513
|switch|p1a: Landorus|Landorus-Therian, M|88/100|[from]move: U-turn
|-damage|p1a: Landorus|75/100|[from] Stealth Rock
|-ability|p1a: Landorus|Intimidate|boost
|-unboost|p2a: Aerodactyl|atk|1
|
|-heal|p1a: Landorus|82/100|[from] item: Leftovers
|upkeep
|turn|6
|j| Whats in ur head
|c| pluralist|miaou
|
|t:|1650996522
|move|p2a: Aerodactyl|Taunt|p1a: Landorus
|-start|p1a: Landorus|move: Taunt
|move|p1a: Landorus|U-turn|p2a: Aerodactyl
|-resisted|p2a: Aerodactyl
|-damage|p2a: Aerodactyl|52/100
|l| Whats in ur head
|c|+Altthiel|for christmas avatars, sure
|
|t:|1650996529
|switch|p1a: Jirachi|Jirachi|93/100|[from]move: U-turn
|-damage|p1a: Jirachi|87/100|[from] Stealth Rock
|
|-end|p2a: Aerodactyl|move: Doom Desire
|-supereffective|p2a: Aerodactyl
|-damage|p2a: Aerodactyl|0 fnt
|faint|p2a: Aerodactyl
|-heal|p1a: Jirachi|93/100|[from] item: Leftovers
|upkeep
|c|&Kennedy|What is sugar daddy in french
|c| Nakeeb^*!|what's this game for
|
|t:|1650996532
|switch|p2a: Yveltal|Yveltal|100/100
|-ability|p2a: Yveltal|Dark Aura
|turn|7
|c|+Altthiel|papa sucré
|c|&Kennedy|For everything nakeeb
|c| Messi Retires|Lol
|c|&Kennedy|everything….
|c| pluralist|papa-gâteau
|n| EvilDark6124574|thefrostisbegin
|c|+Tuthur|papa sucré ...
|c| pluralist|oh
|c| EvilDark6124574|mami gateau
|c| pluralist|my translator is off lol
|c|&Kennedy|The germans bake a better gateau
|j| RLplayer
|
|t:|1650996565
|move|p2a: Yveltal|Knock Off|p1a: Jirachi
|-supereffective|p1a: Jirachi
|-damage|p1a: Jirachi|0 fnt
|-enditem|p1a: Jirachi|Leftovers|[from] move: Knock Off|[of] p2a: Yveltal
|faint|p1a: Jirachi
|
|upkeep
|c| EvilDark6124574|yes
|
|t:|1650996575
|switch|p1a: Landorus|Landorus-Therian, M|82/100
|-damage|p1a: Landorus|69/100|[from] Stealth Rock
|-ability|p1a: Landorus|Intimidate|boost
|-unboost|p2a: Yveltal|atk|1
|turn|8
|
|t:|1650996581
|move|p2a: Yveltal|Taunt|p1a: Landorus
|-start|p1a: Landorus|move: Taunt
|cant|p1a: Landorus|move: Taunt|Stealth Rock
|
|-heal|p1a: Landorus|75/100|[from] item: Leftovers
|upkeep
|turn|9
|
|t:|1650996587
|move|p2a: Yveltal|Knock Off|p1a: Landorus
|-damage|p1a: Landorus|37/100
|-enditem|p1a: Landorus|Leftovers|[from] move: Knock Off|[of] p2a: Yveltal
|move|p1a: Landorus|U-turn|p2a: Yveltal
|-damage|p2a: Yveltal|78/100
|c| pluralist|Zizou!
|c|&Kennedy|Are we winning yet
|c| pluralist|Idts
|c|&Kennedy|Shit
|c|☆Jupiter's Daylight|we're 1 - 1
|
|t:|1650996616
|switch|p1a: Tapu Fini|Tapu Fini|100/100|[from]move: U-turn
|-damage|p1a: Tapu Fini|88/100|[from] Stealth Rock
|-fieldstart|move: Misty Terrain|[from] ability: Misty Surge|[of] p1a: Tapu Fini
|
|-heal|p1a: Tapu Fini|94/100|[from] item: Leftovers
|upkeep
|turn|10
|j| fraises des bo as
|c| pluralist|meow in French is miaou
|c|+Alexander489|what is the money line on sports winning
|
|t:|1650996640
|switch|p2a: Eternatus|Eternatus|100/100
|-ability|p2a: Eternatus|Pressure
|move|p1a: Tapu Fini|Moonblast|p2a: Eternatus
|-damage|p2a: Eternatus|74/100
|
|-heal|p1a: Tapu Fini|100/100|[from] item: Leftovers
|upkeep
|turn|11
|
|t:|1650996659
|switch|p1a: Urshifu|Urshifu, F|100/100
|-damage|p1a: Urshifu|94/100|[from] Stealth Rock
|move|p2a: Eternatus|Meteor Beam||[still]
|-prepare|p2a: Eternatus|Meteor Beam
|-boost|p2a: Eternatus|spa|1
|-enditem|p2a: Eternatus|Power Herb
|-anim|p2a: Eternatus|Meteor Beam|p1a: Urshifu
|-resisted|p1a: Urshifu
|-damage|p1a: Urshifu|47/100
|
|upkeep
|turn|12
|l| The Magic Sword3
|
|t:|1650996672
|move|p1a: Urshifu|Sucker Punch|p2a: Eternatus
|-damage|p2a: Eternatus|24/100
|move|p2a: Eternatus|Flamethrower|p1a: Urshifu
|-damage|p1a: Urshifu|0 fnt
|faint|p1a: Urshifu
|
|upkeep
|l| Messi Retires
|j| Pokefrench2.0
|c|&Kennedy|Do french cats meow different
|
|t:|1650996687
|switch|p1a: Eternatus|Eternatus|100/100
|-ability|p1a: Eternatus|Pressure
|turn|13
|l|evildark6124574
|j| Messi Retires
|c|+Dragonillis|Miaou
|c| pluralist|they miaou instead
|
|t:|1650996696
|move|p2a: Eternatus|Dynamax Cannon|p1a: Eternatus
|-supereffective|p1a: Eternatus
|-damage|p1a: Eternatus|48/100
|move|p1a: Eternatus|Dynamax Cannon|p2a: Eternatus
|-supereffective|p2a: Eternatus
|-damage|p2a: Eternatus|0 fnt
|faint|p2a: Eternatus
|
|-fieldend|Misty Terrain
|upkeep
|
|t:|1650996699
|switch|p2a: Necrozma|Necrozma-Dusk-Mane|100/100
|turn|14
|j| boss dj
|c| Messi Retires|Kennedy what are these questions
|c| Messi Retires|ffs
|c| boss dj|Leggo JD
|
|t:|1650996711
|move|p1a: Eternatus|Flamethrower|p2a: Necrozma
|-supereffective|p2a: Necrozma
|-damage|p2a: Necrozma|65/100
|-enditem|p2a: Necrozma|Weakness Policy
|-boost|p2a: Necrozma|atk|2|[from] item: Weakness Policy
|-boost|p2a: Necrozma|spa|2|[from] item: Weakness Policy
|move|p2a: Necrozma|Swords Dance|p2a: Necrozma
|-boost|p2a: Necrozma|atk|2
|
|upkeep
|turn|15
|c| pluralist|boss dj!!!
|c| boss dj|good luck Eledyr
|c|☆Eledyr|thx boss
|
|t:|1650996723
|move|p1a: Eternatus|Flamethrower|p2a: Necrozma
|-supereffective|p2a: Necrozma
|-damage|p2a: Necrozma|32/100
|move|p2a: Necrozma|Trick Room|p2a: Necrozma
|-fieldstart|move: Trick Room|[of] p2a: Necrozma
|
|upkeep
|turn|16
|
|t:|1650996734
|switch|p1a: Tapu Fini|Tapu Fini|100/100
|-damage|p1a: Tapu Fini|88/100|[from] Stealth Rock
|-fieldstart|move: Misty Terrain|[from] ability: Misty Surge|[of] p1a: Tapu Fini
|move|p2a: Necrozma|Sunsteel Strike|p1a: Tapu Fini
|-damage|p1a: Tapu Fini|0 fnt
|faint|p1a: Tapu Fini
|
|upkeep
|c|&Kennedy|Dont cheer on the fr*nch boss dj…
|j|%Arsenal
|
|t:|1650996749
|switch|p1a: Landorus|Landorus-Therian, M|37/100
|-damage|p1a: Landorus|24/100|[from] Stealth Rock
|-ability|p1a: Landorus|Intimidate|boost
|-unboost|p2a: Necrozma|atk|1
|turn|17
|
|t:|1650996752
|move|p2a: Necrozma|Sunsteel Strike|p1a: Landorus
|-damage|p1a: Landorus|0 fnt
|faint|p1a: Landorus
|
|upkeep
|c|&Kennedy|We need jupy to get some handsome hax
|c|%Arsenal|looool boss dj
|c| boss dj|hes done
|l| Messi Retires
|c| coronal|sending my energy
|c| boss dj|=/
|c|&Kennedy|I think we might lose
|c|%Arsenal|anyway
|c|☆Jupiter's Daylight|Im finished wallahi
|c|%Arsenal|looks like its gg
|c|%Arsenal|rip
|
|t:|1650996771
|switch|p1a: Yveltal|Yveltal|100/100
|-ability|p1a: Yveltal|Dark Aura
|turn|18
|
|t:|1650996775
|move|p1a: Yveltal|Sucker Punch|p2a: Necrozma
|-supereffective|p2a: Necrozma
|-damage|p2a: Necrozma|0 fnt
|faint|p2a: Necrozma
|
|upkeep
|j| xbl
|c| boss dj|i think our opponent prolly voted mbappe for pres
|c|&Kennedy|Probably
|
|t:|1650996779
|switch|p2a: Xerneas|Xerneas|100/100
|-ability|p2a: Xerneas|Fairy Aura
|turn|19
|j| Messi Retires
|c|&Kennedy|bettee than the other 2 options tbf
|j| oyipggy
|j| vhkv
|
|t:|1650996797
|move|p2a: Xerneas|Geomancy||[still]
|-prepare|p2a: Xerneas|Geomancy
|-enditem|p2a: Xerneas|Power Herb
|-anim|p2a: Xerneas|Geomancy|p2a: Xerneas
|-boost|p2a: Xerneas|spa|2
|-boost|p2a: Xerneas|spd|2
|-boost|p2a: Xerneas|spe|2
|move|p1a: Yveltal|Knock Off|p2a: Xerneas
|-resisted|p2a: Xerneas
|-damage|p2a: Xerneas|87/100
|
|-fieldend|move: Trick Room
|upkeep
|turn|20
|c|☆Eledyr|gg
|l|+LaBalladeDesCieux
|
|t:|1650996807
|move|p1a: Yveltal|Sucker Punch|p2a: Xerneas
|-resisted|p2a: Xerneas
|-damage|p2a: Xerneas|71/100
|move|p2a: Xerneas|Moonblast|p1a: Yveltal
|-supereffective|p1a: Yveltal
|-damage|p1a: Yveltal|0 fnt
|faint|p1a: Yveltal
|
|-fieldend|Misty Terrain
|upkeep
|c| pluralist|Should I try the Le Pen/ La Pluma joke here?
|c|&Kennedy|:sob:
|l| Scavet
|c| adaire|really gonna get into french politics rn Kennedy
|c|+mochi ぼっち|Jupiter's Daylight u might lose this
|c| Messi Retires|F
|c|☆Jupiter's Daylight|might is an understatement
|c|☆Jupiter's Daylight|but I put up a fight
|l| vhkv
|c|☆Jupiter's Daylight|and Im okay with that
|l| Floss
|
|t:|1650996824
|switch|p1a: Eternatus|Eternatus|48/100
|-ability|p1a: Eternatus|Pressure
|turn|21
|c|+mochi ぼっち|use the powre of friendship
|
|t:|1650996831
|move|p2a: Xerneas|Moonblast|p1a: Eternatus
|-damage|p1a: Eternatus|0 fnt
|faint|p1a: Eternatus
|
|win|Eledyr
|c|%Arsenal|time to set all of judys stats to max Kennedy
|c| coronal|puissance
|c| pluralist|this is Ubers right?
|l| Givra no bi ☯
|c|☆Jupiter's Daylight|gg
|c|☆Eledyr|yes
|c|%Arsenal|L
|c|&Kennedy|Maybe instead of reading all the policy
|c|☆Jupiter's Daylight|yes
|c| Messi Retires|Is this
|c| coronal|gg
|c|+mochi ぼっち|no its LC pluralist
|c| Messi Retires|0-2
|c| pluralist|gg
|l|+Tuthur
|j| Jim jim
|l| coronal
|c|&Kennedy|you should have practiced ubers
|c| pluralist|ahhh that makes sense mochi
|l| Messi Retires
|l| adaire
|l| Minogod94
|c|☆Jupiter's Daylight|IM made the team
|j| Scavet
|l|%Arsenal
|c|+mochi ぼっち|hi Jim jim
|l|+Alexander489
|c|☆Jupiter's Daylight|I did Kennedy
|c| pluralist|Hello Jim
|l| boss dj
|c| Jim jim|que pasa
|l|+Emeri ✿
|c| pluralist|Jim
|c| Jim jim|jd losing
|c| Jim jim|htsi
|c|+mochi ぼっち|wrong country Jim jim
|c|+Aporetic|Jim jim is old so it took him longer to get here
|c|+mochi ぼっち|its France
|c| pluralist|LOOOL
|c|&Kennedy|LOL
|c| Jim jim|didnt ask
|j| The Delta Maybca☆〜
|l| xbl
|l| Jim jim
|c|&Kennedy|He was getting the message via morse code tbf apo
|l| oyipggy
|l|+mochi ぼっち
|l|&Kennedy
|l|%Clementine
|l|+Altthiel
|l| Nakeeb^*!
|l| The Delta Maybca☆〜
|l| pluralist
|l|+Aporetic
|j|+Michael Bisping
|l| Scavet
|l|+Michael Bisping
|l|☆Jupiter's Daylight
|l| RLplayer
