|j|☆I Crit My Panties
|j|☆dun 26
|t:|1625665881
|gametype|singles
|player|p1|I Crit My Panties|1|1633
|player|p2|dun 26|skyla|1688
|teamsize|p1|6
|teamsize|p2|6
|gen|8
|tier|[Gen 8] Ubers
|rated|
|rule|Sleep Clause Mod: Limit one foe put to sleep
|rule|Species Clause: Limit one of each Pokémon
|rule|OHKO Clause: OHKO moves are banned
|rule|Evasion Moves Clause: Evasion moves are banned
|rule|Endless Battle Clause: Forcing endless battles is banned
|rule|HP Percentage Mod: HP is shown in percentages
|rule|Dynamax Clause: You cannot dynamax
|clearpoke
|poke|p1|Yveltal|
|poke|p1|Necrozma-Dusk-Mane|
|poke|p1|Eternatus|
|poke|p1|Xerneas-*|
|poke|p1|Ho-Oh|
|poke|p1|Calyrex-Shadow|
|poke|p2|Magnezone|
|poke|p2|Darmanitan-Galar, M|
|poke|p2|Kyurem-Black|
|poke|p2|Yveltal|
|poke|p2|Xerneas-*|
|poke|p2|Necrozma-Dusk-Mane|
|teampreview
|inactive|Battle timer is ON: inactive players will automatically lose when time's up. (requested by dun 26)
|
|t:|1625665890
|start
|switch|p1a: Ho-Oh|Ho-Oh|100/100
|switch|p2a: Darmanitan|Darmanitan-Galar, M|100/100
|turn|1
|c|☆dun 26|Gl
|
|t:|1625665898
|switch|p1a: Necrozma|Necrozma-Dusk-Mane|100/100
|move|p2a: Darmanitan|Rock Slide|p1a: Necrozma|[miss]
|-miss|p2a: Darmanitan|p1a: Necrozma
|
|upkeep
|turn|2
|
|t:|1625665901
|switch|p1a: Ho-Oh|Ho-Oh|100/100
|move|p2a: Darmanitan|Rock Slide|p1a: Ho-Oh
|-supereffective|p1a: Ho-Oh
|-damage|p1a: Ho-Oh|0 fnt
|faint|p1a: Ho-Oh
|
|upkeep
|-message|I Crit My Panties forfeited.
|
|win|dun 26
|raw|I Crit My Panties's rating: 1633 &rarr; <strong>1616</strong><br />(-17 for losing)
|raw|dun 26's rating: 1688 &rarr; <strong>1705</strong><br />(+17 for winning)
|l|☆I Crit My Panties
