|j|☆I Crit My Panties
|j|☆Watermeloned
|t:|1634680316
|gametype|singles
|player|p1|I Crit My Panties|266|1474
|player|p2|Watermeloned|265|1409
|teamsize|p1|6
|teamsize|p2|6
|gen|8
|tier|[Gen 8] Ubers
|rated|
|rule|Sleep Clause Mod: Limit one foe put to sleep
|rule|Species Clause: Limit one of each Pokémon
|rule|OHKO Clause: OHKO moves are banned
|rule|Evasion Moves Clause: Evasion moves are banned
|rule|Endless Battle Clause: Forcing endless battles is banned
|rule|HP Percentage Mod: HP is shown in percentages
|rule|Dynamax Clause: You cannot dynamax
|clearpoke
|poke|p1|Tyranitar, M|
|poke|p1|Excadrill, M|
|poke|p1|Marshadow|
|poke|p1|Tangrowth, M|
|poke|p1|Necrozma-Dusk-Mane|
|poke|p1|Eternatus|
|poke|p2|Genesect|
|poke|p2|Xerneas-*|
|poke|p2|Dugtrio, M|
|poke|p2|Yveltal|
|poke|p2|Kyurem-White|
|poke|p2|Blissey, F|
|teampreview
|inactive|Battle timer is ON: inactive players will automatically lose when time's up. (requested by Watermeloned)
|
|t:|1634680332
|start
|switch|p1a: Marshadow|Marshadow|100/100
|switch|p2a: Genesect|Genesect, shiny|100/100
|-ability|p2a: Genesect|Download|boost
|-boost|p2a: Genesect|atk|1
|turn|1
|
|t:|1634680339
|switch|p1a: Tangrowth|Tangrowth, M|100/100
|move|p2a: Genesect|U-turn|p1a: Tangrowth
|-supereffective|p1a: Tangrowth
|-damage|p1a: Tangrowth|17/100
|-damage|p2a: Genesect|84/100|[from] item: Rocky Helmet|[of] p1a: Tangrowth
|
|t:|1634680344
|switch|p2a: Xerneas|Xerneas|100/100|[from]move: U-turn
|-ability|p2a: Xerneas|Fairy Aura
|
|upkeep
|turn|2
|
|t:|1634680349
|switch|p2a: Dugtrio|Dugtrio, M|100/100
|switch|p1a: Necrozma|Necrozma-Dusk-Mane|100/100
|
|upkeep
|turn|3
|
|t:|1634680356
|move|p2a: Dugtrio|Earthquake|p1a: Necrozma
|-supereffective|p1a: Necrozma
|-damage|p1a: Necrozma|20/100
|move|p1a: Necrozma|Dragon Dance|p1a: Necrozma
|-boost|p1a: Necrozma|atk|1
|-boost|p1a: Necrozma|spe|1
|
|-heal|p1a: Necrozma|26/100|[from] item: Leftovers
|upkeep
|turn|4
|
|t:|1634680362
|move|p2a: Dugtrio|Earthquake|p1a: Necrozma
|-supereffective|p1a: Necrozma
|-damage|p1a: Necrozma|0 fnt
|faint|p1a: Necrozma
|
|upkeep
|-message|I Crit My Panties forfeited.
|
|win|Watermeloned
|raw|I Crit My Panties's rating: 1474 &rarr; <strong>1450</strong><br />(-24 for losing)
|raw|Watermeloned's rating: 1409 &rarr; <strong>1433</strong><br />(+24 for winning)
|l|☆I Crit My Panties
||Ladder isn't responding, score probably updated but might not have (Request timeout).
