|j|☆cump2
|j|☆LT94JEwhyaddicted
|t:|1661352823
|gametype|singles
|player|p1|cump2|102|1635
|player|p2|LT94JEwhyaddicted|169|1738
|teamsize|p1|6
|teamsize|p2|6
|gen|8
|tier|[Gen 8] OU
|rated|
|rule|Sleep Clause Mod: Limit one foe put to sleep
|rule|Species Clause: Limit one of each Pokémon
|rule|OHKO Clause: OHKO moves are banned
|rule|Evasion Items Clause: Evasion items are banned
|rule|Evasion Moves Clause: Evasion moves are banned
|rule|Endless Battle Clause: Forcing endless battles is banned
|rule|HP Percentage Mod: HP is shown in percentages
|rule|Dynamax Clause: You cannot dynamax
|clearpoke
|poke|p1|Clefable, F|
|poke|p1|Landorus-Therian, M|
|poke|p1|Toxapex, F|
|poke|p1|Victini|
|poke|p1|Tapu Koko|
|poke|p1|Buzzwole|
|poke|p2|Tapu Lele|
|poke|p2|Urshifu-*, M|
|poke|p2|Heatran, M|
|poke|p2|Landorus-Therian, M|
|poke|p2|Rotom-Wash|
|poke|p2|Weavile, F|
|teampreview
|
|t:|1661352849
|start
|switch|p1a: Landorus|Landorus-Therian, M|100/100
|switch|p2a: Landorus|Landorus-Therian, M|100/100
|-ability|p1a: Landorus|Intimidate|boost
|-unboost|p2a: Landorus|atk|1
|-ability|p2a: Landorus|Intimidate|boost
|-unboost|p1a: Landorus|atk|1
|turn|1
|l|☆cump2
|player|p1|
|j| Spitfire arcanine
|
|t:|1661352863
|switch|p2a: Rotom|Rotom-Wash|100/100
|move|p1a: Landorus|Toxic|p2a: Rotom
|-status|p2a: Rotom|tox
|
|-damage|p2a: Rotom|94/100 tox|[from] psn
|upkeep
|turn|2
|inactive|Battle timer is ON: inactive players will automatically lose when time's up. (requested by LT94JEwhyaddicted)
|inactive|cump2 has 30 seconds to reconnect!
|inactive|cump2 has 20 seconds to reconnect!
|inactive|cump2 has 15 seconds to reconnect!
|inactive|cump2 has 10 seconds to reconnect!
|inactive|cump2 has 5 seconds to reconnect!
|-message|cump2 lost due to inactivity.
|
|win|LT94JEwhyaddicted
|raw|cump2's rating: 1635 &rarr; <strong>1621</strong><br />(-14 for losing)
|raw|LT94JEwhyaddicted's rating: 1738 &rarr; <strong>1752</strong><br />(+14 for winning)
||Ladder isn't responding, score probably updated but might not have (Request timeout).
