|raw|<div class="broadcast-blue"><strong>This battle is required to be public due to a player having a name starting with 'lt93oq'.</div>
|j|☆LT93OQ Harshal
|j|☆cute pink team
|t:|1661017193
|gametype|singles
|player|p1|LT93OQ Harshal|ethan|1953
|player|p2|cute pink team|misty-gen1|1844
|teamsize|p1|6
|teamsize|p2|6
|gen|8
|tier|[Gen 8] OU
|rated|
|rule|Sleep Clause Mod: Limit one foe put to sleep
|rule|Species Clause: Limit one of each Pokémon
|rule|OHKO Clause: OHKO moves are banned
|rule|Evasion Items Clause: Evasion items are banned
|rule|Evasion Moves Clause: Evasion moves are banned
|rule|Endless Battle Clause: Forcing endless battles is banned
|rule|HP Percentage Mod: HP is shown in percentages
|rule|Dynamax Clause: You cannot dynamax
|clearpoke
|poke|p1|Landorus-Therian, M|
|poke|p1|Heatran, F|
|poke|p1|Blacephalon|
|poke|p1|Tapu Fini|
|poke|p1|Kartana|
|poke|p1|Weavile, M|
|poke|p2|Tyranitar, F|
|poke|p2|Corviknight, F|
|poke|p2|Volcanion|
|poke|p2|Zapdos|
|poke|p2|Dragapult, M|
|poke|p2|Quagsire, F|
|teampreview
|inactive|Battle timer is ON: inactive players will automatically lose when time's up. (requested by LT93OQ Harshal)
|
|t:|1661017217
|start
|switch|p1a: Blacephalon|Blacephalon|100/100
|switch|p2a: Dragapult|Dragapult, M|100/100
|turn|1
|j| biased pog
|j| lnternal
|l| biased pog
|j| Evilo43
|j| isabela000◥▶_◀◤
|l| lnternal
|j| LT93OQ Lio
|inactive|cute pink team has 120 seconds left.
|j| Hippea
|j| IPF
|j| Sharp Dagger
|l| IPF
|inactive|cute pink team has 90 seconds left.
|j| lt93oq fenomeno
|j| gvghmjb
|l| gvghmjb
|inactive|cute pink team has 60 seconds left.
|j| LT93OQ Gray
|inactive|cute pink team has 30 seconds left.
|l| LT93OQ Lio
|inactive|cute pink team has 20 seconds left.
|inactive|cute pink team has 15 seconds left.
|j| storm zone
|inactive|cute pink team has 10 seconds left.
|inactive|cute pink team has 5 seconds left.
|-message|cute pink team lost due to inactivity.
|
|win|LT93OQ Harshal
|raw|LT93OQ Harshal's rating: 1953 &rarr; <strong>1967</strong><br />(+14 for winning)
|raw|cute pink team's rating: 1844 &rarr; <strong>1830</strong><br />(-14 for losing)
|j| lt93O Quartos
|l|☆LT93OQ Harshal
|j| LT93OQLACABALLOTA
|l| LT93OQLACABALLOTA
|j| LT93OQ Brigtel
|l| LT93OQ Brigtel
|l|☆cute pink team
|l| isabela000◥▶_◀◤
||Ladder isn't responding, score probably updated but might not have (Request timeout).
|l| Hippea
|l| Evilo43
|j| lt93oq wafflesurf
