|j|‽minimax_ai
|j|☆drop a baby
|t:|1663750579
|gametype|singles
|player|p1|minimax_ai|102|1573
|player|p2|drop a baby|chase|1590
|teamsize|p1|6
|teamsize|p2|6
|gen|8
|tier|[Gen 8] OU
|rated|
|rule|Sleep Clause Mod: Limit one foe put to sleep
|rule|Species Clause: Limit one of each Pokémon
|rule|OHKO Clause: OHKO moves are banned
|rule|Evasion Items Clause: Evasion items are banned
|rule|Evasion Moves Clause: Evasion moves are banned
|rule|Endless Battle Clause: Forcing endless battles is banned
|rule|HP Percentage Mod: HP is shown in percentages
|rule|Dynamax Clause: You cannot dynamax
|clearpoke
|poke|p1|Rotom-Wash|
|poke|p1|Weavile, F|
|poke|p1|Landorus-Therian, M|
|poke|p1|Heatran, M|
|poke|p1|Tangrowth, F|
|poke|p1|Melmetal|
|poke|p2|Weavile, M|
|poke|p2|Slowbro, M|
|poke|p2|Heatran, M|
|poke|p2|Landorus-Therian, M|
|poke|p2|Tornadus-Therian, M|
|poke|p2|Tyranitar, M|
|teampreview
|inactive|Battle timer is ON: inactive players will automatically lose when time's up. (requested by minimax_ai)
|
|t:|1663750588
|start
|switch|p1a: Melmetal|Melmetal|100/100
|switch|p2a: Slowbro|Slowbro, M|100/100
|turn|1
|
|t:|1663750596
|switch|p1a: Rotom|Rotom-Wash|100/100
|switch|p2a: Heatran|Heatran, M|100/100
|
|upkeep
|turn|2
|
|t:|1663750609
|switch|p2a: Landorus|Landorus-Therian, M|100/100
|-ability|p2a: Landorus|Intimidate|boost
|-unboost|p1a: Rotom|atk|1
|move|p1a: Rotom|Nasty Plot|p1a: Rotom
|-boost|p1a: Rotom|spa|2
|
|upkeep
|turn|3
|
|t:|1663750616
|move|p1a: Rotom|Hydro Pump|p2a: Landorus
|-supereffective|p2a: Landorus
|-damage|p2a: Landorus|0 fnt
|faint|p2a: Landorus
|
|upkeep
|-message|drop a baby forfeited.
|
|win|minimax_ai
|raw|minimax_ai's rating: 1573 &rarr; <strong>1594</strong><br />(+21 for winning)
|raw|drop a baby's rating: 1590 &rarr; <strong>1569</strong><br />(-21 for losing)
|l|☆drop a baby
