|html|<div class="broadcast-blue"><strong>[Gen 8] OU is currently suspecting Melmetal! For information on how to participate check out the <a href="https://www.smogon.com/forums/threads/np-ss-ou-suspect-process-round-12-monster-mash.3709234/">suspect thread</a>.</strong></div>
|j|☆elbosqueiluminado
|j|☆DJ CRIB DEF
|t:|1666077390
|gametype|singles
|player|p1|elbosqueiluminado|170|1501
|player|p2|DJ CRIB DEF|101|1562
|teamsize|p1|6
|teamsize|p2|6
|gen|8
|tier|[Gen 8] OU
|rated|
|rule|Sleep Clause Mod: Limit one foe put to sleep
|rule|Species Clause: Limit one of each Pokémon
|rule|OHKO Clause: OHKO moves are banned
|rule|Evasion Items Clause: Evasion items are banned
|rule|Evasion Moves Clause: Evasion moves are banned
|rule|Endless Battle Clause: Forcing endless battles is banned
|rule|HP Percentage Mod: HP is shown in percentages
|rule|Dynamax Clause: You cannot dynamax
|clearpoke
|poke|p1|Pyukumuku, M|
|poke|p1|Reuniclus, M|
|poke|p1|Swampert, F|
|poke|p1|Corviknight, M|
|poke|p1|Slowking-Galar, M|
|poke|p1|Buzzwole|
|poke|p2|Clefable, M|
|poke|p2|Gengar, M|
|poke|p2|Garchomp, M|
|poke|p2|Mandibuzz, F|
|poke|p2|Ferrothorn, F|
|poke|p2|Slowking, F|
|teampreview
|inactive|Battle timer is ON: inactive players will automatically lose when time's up. (requested by DJ CRIB DEF)
|
|t:|1666077406
|start
|switch|p1a: Reuniclus|Reuniclus, M|100/100
|switch|p2a: Slowking|Slowking, F|100/100
|turn|1
|
|t:|1666077411
|move|p1a: Reuniclus|Knock Off|p2a: Slowking
|-supereffective|p2a: Slowking
|-damage|p2a: Slowking|74/100
|-enditem|p2a: Slowking|Heavy-Duty Boots|[from] move: Knock Off|[of] p1a: Reuniclus
|move|p2a: Slowking|Future Sight|p1a: Reuniclus
|-start|p2a: Slowking|move: Future Sight
|
|upkeep
|turn|2
|
|t:|1666077425
|move|p1a: Reuniclus|Knock Off|p2a: Slowking
|-supereffective|p2a: Slowking
|-crit|p2a: Slowking
|-damage|p2a: Slowking|46/100
|move|p2a: Slowking|Teleport|p2a: Slowking
|
|t:|1666077431
|switch|p2a: Ferrothorn|Ferrothorn, F|100/100|[from]move: Teleport
|
|upkeep
|turn|3
|
|t:|1666077437
|move|p1a: Reuniclus|Infestation|p2a: Ferrothorn
|-damage|p2a: Ferrothorn|95/100
|-activate|p2a: Ferrothorn|move: Infestation|[of] p1a: Reuniclus
|-damage|p1a: Reuniclus|88/100|[from] ability: Iron Barbs|[of] p2a: Ferrothorn
|-damage|p1a: Reuniclus|71/100|[from] item: Rocky Helmet|[of] p2a: Ferrothorn
|move|p2a: Ferrothorn|Knock Off|p1a: Reuniclus
|-supereffective|p1a: Reuniclus
|-damage|p1a: Reuniclus|34/100
|-enditem|p1a: Reuniclus|Assault Vest|[from] move: Knock Off|[of] p2a: Ferrothorn
|
|-end|p1a: Reuniclus|move: Future Sight
|-resisted|p1a: Reuniclus
|-damage|p1a: Reuniclus|19/100
|-damage|p2a: Ferrothorn|83/100|[from] move: Infestation|[partiallytrapped]
|upkeep
|turn|4
|
|t:|1666077451
|move|p1a: Reuniclus|Focus Blast|p2a: Ferrothorn
|-supereffective|p2a: Ferrothorn
|-damage|p2a: Ferrothorn|24/100
|move|p2a: Ferrothorn|Stealth Rock|p1a: Reuniclus
|-sidestart|p1: elbosqueiluminado|move: Stealth Rock
|
|-damage|p2a: Ferrothorn|11/100|[from] move: Infestation|[partiallytrapped]
|upkeep
|turn|5
|
|t:|1666077457
|move|p1a: Reuniclus|Psychic|p2a: Ferrothorn
|-resisted|p2a: Ferrothorn
|-damage|p2a: Ferrothorn|0 fnt
|faint|p2a: Ferrothorn
|
|upkeep
|
|t:|1666077466
|switch|p2a: Gengar|Gengar, M|100/100
|turn|6
|
|t:|1666077471
|switch|p1a: Swampert|Swampert, F|100/100
|-damage|p1a: Swampert|94/100|[from] Stealth Rock
|move|p2a: Gengar|Nasty Plot|p2a: Gengar
|-boost|p2a: Gengar|spa|2
|
|-heal|p1a: Swampert|100/100|[from] item: Leftovers
|upkeep
|turn|7
|
|t:|1666077477
|move|p2a: Gengar|Energy Ball|p1a: Swampert
|-supereffective|p1a: Swampert
|-damage|p1a: Swampert|0 fnt
|faint|p1a: Swampert
|-damage|p2a: Gengar|91/100|[from] item: Life Orb
|
|upkeep
|
|t:|1666077487
|switch|p1a: Pyukumuku|Pyukumuku, M|100/100
|-damage|p1a: Pyukumuku|88/100|[from] Stealth Rock
|turn|8
|
|t:|1666077499
|move|p2a: Gengar|Nasty Plot|p2a: Gengar
|-boost|p2a: Gengar|spa|2
|move|p1a: Pyukumuku|Mirror Coat||[still]
|-fail|p1a: Pyukumuku
|
|upkeep
|turn|9
|
|t:|1666077506
|move|p2a: Gengar|Thunderbolt|p1a: Pyukumuku
|-supereffective|p1a: Pyukumuku
|-damage|p1a: Pyukumuku|29/100
|-damage|p2a: Gengar|81/100|[from] item: Life Orb
|move|p1a: Pyukumuku|Mirror Coat|p2a: Gengar
|-damage|p2a: Gengar|0 fnt
|faint|p2a: Gengar
|
|upkeep
|
|t:|1666077508
|switch|p2a: Garchomp|Garchomp, M|100/100
|turn|10
|
|t:|1666077517
|switch|p1a: Buzzwole|Buzzwole|100/100
|-damage|p1a: Buzzwole|88/100|[from] Stealth Rock
|move|p2a: Garchomp|Swords Dance|p2a: Garchomp
|-boost|p2a: Garchomp|atk|2
|
|upkeep
|turn|11
|
|t:|1666077522
|move|p2a: Garchomp|Fire Fang|p1a: Buzzwole
|-supereffective|p1a: Buzzwole
|-damage|p1a: Buzzwole|9/100
|-damage|p2a: Garchomp|84/100|[from] item: Rocky Helmet|[of] p1a: Buzzwole
|-damage|p2a: Garchomp|74/100|[from] item: Life Orb
|cant|p1a: Buzzwole|flinch
|
|upkeep
|turn|12
|c|☆elbosqueiluminado|Wow
|c|☆elbosqueiluminado|Nice hax
|c|☆elbosqueiluminado|Stupid idiot getting lucky
|c|☆DJ CRIB DEF|im yache
|c|☆elbosqueiluminado|Life orb
|inactive|elbosqueiluminado has 120 seconds left.
|c|☆elbosqueiluminado|Fucking idiot
|c|☆DJ CRIB DEF|you dont kill through yache even with life orb
|c|☆elbosqueiluminado|You have life orb
|c|☆DJ CRIB DEF|No shit genius
|c|☆elbosqueiluminado|I saw the recoil
|c|☆DJ CRIB DEF|click
|inactive|elbosqueiluminado has 90 seconds left.
|c|☆elbosqueiluminado|Don't say bullshit
|c|☆elbosqueiluminado|Stupid idiot getting lucky
|c|☆elbosqueiluminado|All you had to do was chip
|c|☆DJ CRIB DEF|bro just click
|c|☆elbosqueiluminado|Once
|inactive|elbosqueiluminado has 60 seconds left.
|c|☆elbosqueiluminado|Shut up bro
|c|☆elbosqueiluminado|You haxed
|c|☆DJ CRIB DEF|ill shut up when you click
|c|☆DJ CRIB DEF|stop wasting both our times
|c|☆elbosqueiluminado|Learn yo play the game
|c|☆elbosqueiluminado|Idiot
|inactive|elbosqueiluminado has 30 seconds left.
|c|☆DJ CRIB DEF|just rage quit beleiving you are better
|c|☆elbosqueiluminado|Idiot just spams
|c|☆DJ CRIB DEF|and get on with your day
|c|☆elbosqueiluminado|No
|c|☆elbosqueiluminado|You are bad
|inactive|elbosqueiluminado has 20 seconds left.
|c|☆elbosqueiluminado|Literally
|inactive|elbosqueiluminado has 15 seconds left.
|c|☆DJ CRIB DEF|aight man 20 secs left to whine
|c|☆elbosqueiluminado|All you had to do was force rocks once
|inactive|elbosqueiluminado has 10 seconds left.
|c|☆DJ CRIB DEF|I hope it makes you feel good
|
|t:|1666077666
|move|p2a: Garchomp|Earthquake|p1a: Buzzwole
|-resisted|p1a: Buzzwole
|-damage|p1a: Buzzwole|0 fnt
|faint|p1a: Buzzwole
|-damage|p2a: Garchomp|64/100|[from] item: Life Orb
|
|upkeep
|inactive|elbosqueiluminado has 15 seconds left this turn.
|
|t:|1666077668
|switch|p1a: Corviknight|Corviknight, M|100/100
|-damage|p1a: Corviknight|88/100|[from] Stealth Rock
|-ability|p1a: Corviknight|Pressure
|turn|13
|inactive|elbosqueiluminado has 25 seconds left this turn.
|
|t:|1666077672
|move|p2a: Garchomp|Fire Fang|p1a: Corviknight
|-supereffective|p1a: Corviknight
|-damage|p1a: Corviknight|2/100
|-damage|p2a: Garchomp|55/100|[from] item: Life Orb
|move|p1a: Corviknight|Brave Bird|p2a: Garchomp
|-damage|p2a: Garchomp|16/100
|-damage|p1a: Corviknight|0 fnt|[from] ability: Rough Skin|[of] p2a: Garchomp
|faint|p1a: Corviknight
|
|upkeep
|inactive|elbosqueiluminado has 30 seconds left this turn.
|inactive|elbosqueiluminado has 20 seconds left.
|c|☆elbosqueiluminado|You are dumb as fuck
|n|‽elbosqueiluminado|elbosqueiluminado
|c|&|/log elbosqueiluminado was locked from talking by Artemis (☆elbosqueiluminado: You are dumb as fuck)
|c|&|/raw <small>This action was done automatically. Want to learn more about the AI? <a href="https://www.smogon.com/forums/threads/3570628/#post-9056769">Visit the information thread</a>.</small>
|inactive|elbosqueiluminado has 15 seconds left.
|inactive|elbosqueiluminado has 10 seconds left.
|-message|elbosqueiluminado forfeited.
|
|win|DJ CRIB DEF
|inactive|elbosqueiluminado has 15 seconds left this turn.
|raw|elbosqueiluminado's rating: 1501 &rarr; <strong>1484</strong><br />(-17 for losing)
|raw|DJ CRIB DEF's rating: 1562 &rarr; <strong>1579</strong><br />(+17 for winning)
|l|‽elbosqueiluminado
