|j|☆imissedthis
|t:|1664886933
|gametype|singles
|player|p1|Iamverylonelyy|266|1299
|player|p2|imissedthis|1|1314
|teamsize|p1|6
|teamsize|p2|6
|gen|8
|tier|[Gen 8] OU
|rated|
|rule|Sleep Clause Mod: Limit one foe put to sleep
|rule|Species Clause: Limit one of each Pokémon
|rule|OHKO Clause: OHKO moves are banned
|rule|Evasion Items Clause: Evasion items are banned
|rule|Evasion Moves Clause: Evasion moves are banned
|rule|Endless Battle Clause: Forcing endless battles is banned
|rule|HP Percentage Mod: HP is shown in percentages
|rule|Dynamax Clause: You cannot dynamax
|clearpoke
|poke|p1|Drifblim, M|
|poke|p1|Rillaboom, M|
|poke|p1|Snorlax, M|
|poke|p1|Landorus-Therian, M|
|poke|p1|Necrozma|
|poke|p1|Victini|
|poke|p2|Rotom-Wash|
|poke|p2|Heatran, F|
|poke|p2|Mandibuzz, F|
|poke|p2|Ferrothorn, M|
|poke|p2|Dragapult, M|
|poke|p2|Clefable, M|
|teampreview
|inactive|Battle timer is ON: inactive players will automatically lose when time's up. (requested by imissedthis)
|j|☆Iamverylonelyy
|
|t:|1664886944
|start
|switch|p1a: Victini|Victini|100/100
|switch|p2a: Dragapult|Dragapult, M|100/100
|turn|1
|
|t:|1664886948
|move|p1a: Victini|Thunder Wave|p2a: Dragapult
|-status|p2a: Dragapult|par
|move|p2a: Dragapult|Draco Meteor|p1a: Victini
|-damage|p1a: Victini|18/100
|-unboost|p2a: Dragapult|spa|2
|
|upkeep
|turn|2
|c|☆imissedthis|scarf twave ofc
|
|t:|1664886966
|switch|p1a: Rillaboom|Rillaboom, M|100/100
|switch|p2a: Rotom|Rotom-Wash|100/100
|
|upkeep
|turn|3
|
|t:|1664886970
|switch|p2a: Clefable|Clefable, M|100/100
|move|p1a: Rillaboom|U-turn|p2a: Clefable
|-resisted|p2a: Clefable
|-damage|p2a: Clefable|86/100
|-damage|p1a: Rillaboom|84/100|[from] item: Rocky Helmet|[of] p2a: Clefable
|-message|Iamverylonelyy forfeited.
|
|win|imissedthis
|raw|Iamverylonelyy's rating: 1299 &rarr; <strong>1275</strong><br />(-24 for losing)
|raw|imissedthis's rating: 1314 &rarr; <strong>1333</strong><br />(+19 for winning)
|l|☆Iamverylonelyy
|j|☆Iamverylonelyy
|player|p1|Iamverylonelyy|266
|l|☆Iamverylonelyy
|player|p1|
