|html|<div class="broadcast-blue"><strong>[Gen 8] OU is currently suspecting Zamazenta-Crowned! For information on how to participate check out the <a href="https://www.smogon.com/forums/threads/np-ss-ou-suspect-process-round-10-royals.3681787/">suspect thread</a>.</strong></div>
|j|☆gaijineagle
|j|☆pannuracotta
|t:|1618138466
|gametype|singles
|player|p1|gaijineagle|1|
|player|p2|pannuracotta|psychic-gen2|
|teamsize|p1|6
|teamsize|p2|6
|gen|8
|tier|[Gen 8] OU
|clearpoke
|poke|p1|Weavile, M|
|poke|p1|Toxtricity, M|
|poke|p1|Rillaboom, F|
|poke|p1|Hawlucha, F|
|poke|p1|Scizor, F|
|poke|p1|Garchomp, M|
|poke|p2|Kyurem|
|poke|p2|Toxapex, M|
|poke|p2|Clefable, F|
|poke|p2|Tapu Koko|
|poke|p2|Corviknight, M|
|poke|p2|Gastrodon-East, M|
|rule|Sleep Clause Mod: Limit one foe put to sleep
|rule|Species Clause: Limit one of each Pokémon
|rule|OHKO Clause: OHKO moves are banned
|rule|Evasion Moves Clause: Evasion moves are banned
|rule|Endless Battle Clause: Forcing endless battles is banned
|rule|HP Percentage Mod: HP is shown in percentages
|rule|Dynamax Clause: You cannot dynamax
|teampreview
|inactive|Battle timer is ON: inactive players will automatically lose when time's up. (requested by pannuracotta)
|c|☆pannuracotta|hf
|c|☆gaijineagle|u2
|inactive|gaijineagle has 270 seconds left.
|inactive|pannuracotta has 270 seconds left.
|inactive|gaijineagle has 240 seconds left.
|
|t:|1618138538
|start
|switch|p1a: Scizor|Scizor, F|100/100
|switch|p2a: WITH SOME MEXICANS|Clefable, F|100/100
|turn|1
|inactive|gaijineagle has 270 seconds left.
|
|t:|1618138582
|switch|p1a: Toxtricity|Toxtricity, M|100/100
|switch|p2a: AND IM THE|Corviknight, M|100/100
|-ability|p2a: AND IM THE|Pressure
|
|upkeep
|turn|2
|inactive|gaijineagle has 240 seconds left.
|
|t:|1618138631
|switch|p2a: MF CAPTAIN|Gastrodon-East, M|100/100
|move|p1a: Toxtricity|Boomburst|p2a: MF CAPTAIN
|-damage|p2a: MF CAPTAIN|54/100
|-damage|p1a: Toxtricity|91/100|[from] item: Life Orb
|
|upkeep
|turn|3
|inactive|gaijineagle has 210 seconds left.
|
|t:|1618138673
|move|p1a: Toxtricity|Boomburst|p2a: MF CAPTAIN
|-damage|p2a: MF CAPTAIN|0 fnt
|-damage|p1a: Toxtricity|81/100|[from] item: Life Orb
|faint|p2a: MF CAPTAIN
|
|upkeep
|c|☆pannuracotta|na bruh they giving u the roles and alla that nah
|
|t:|1618138683
|switch|p2a: HOP UP ON THE|Kyurem|100/100
|-ability|p2a: HOP UP ON THE|Pressure
|turn|4
|inactive|gaijineagle has 180 seconds left.
|c|☆gaijineagle|?
|c|☆pannuracotta|46 into  54 oml
|c|☆pannuracotta|def rigged
|c|☆gaijineagle|ah, lol
|c|☆gaijineagle|yea, got max
|inactive|gaijineagle has 150 seconds left.
|c|☆pannuracotta|boots gastro is so bad
|c|☆pannuracotta|never using a spooky team again tbh
|c|☆gaijineagle|lol, spooky brings heat usually
|inactive|gaijineagle has 120 seconds left.
|c|☆pannuracotta|hey guys (maril mafia) when u see this replay get me a good team week 3 <333
|c|☆gaijineagle|though im actually about to draft gastro in my draft league, lol
|
|t:|1618138799
|switch|p1a: Weavile|Weavile, M|100/100
|move|p2a: HOP UP ON THE|Earth Power|p1a: Weavile
|-damage|p1a: Weavile|63/100
|
|upkeep
|turn|5
|
|t:|1618138808
|switch|p2a: S.S ANNE|Toxapex, M|100/100
|move|p1a: Weavile|Knock Off|p2a: S.S ANNE
|-damage|p2a: S.S ANNE|63/100
|-enditem|p2a: S.S ANNE|Black Sludge|[from] move: Knock Off|[of] p1a: Weavile
|
|upkeep
|turn|6
|inactive|gaijineagle has 90 seconds left.
|
|t:|1618138831
|switch|p1a: Toxtricity|Toxtricity, M|81/100
|switch|p2a: HOP UP ON THE|Kyurem|100/100
|-ability|p2a: HOP UP ON THE|Pressure
|
|upkeep
|turn|7
|
|t:|1618138835
|move|p2a: HOP UP ON THE|Earth Power|p1a: Toxtricity
|-supereffective|p1a: Toxtricity
|-damage|p1a: Toxtricity|0 fnt
|faint|p1a: Toxtricity
|
|upkeep
|inactive|gaijineagle has 90 seconds left.
|
|t:|1618138851
|switch|p1a: Scizor|Scizor, F|100/100
|turn|8
|inactive|gaijineagle has 90 seconds left.
|
|t:|1618138862
|switch|p2a: AND IM THE|Corviknight, M|100/100
|-ability|p2a: AND IM THE|Pressure
|move|p1a: Scizor|Swords Dance|p1a: Scizor
|-boost|p1a: Scizor|atk|2
|
|upkeep
|turn|9
|inactive|gaijineagle has 90 seconds left.
|
|t:|1618138878
|move|p1a: Scizor|Swords Dance|p1a: Scizor
|-boost|p1a: Scizor|atk|2
|move|p2a: AND IM THE|Iron Defense|p2a: AND IM THE
|-boost|p2a: AND IM THE|def|2
|
|upkeep
|turn|10
|
|t:|1618138882
|move|p1a: Scizor|Superpower|p2a: AND IM THE
|-crit|p2a: AND IM THE
|-damage|p2a: AND IM THE|0 fnt
|-unboost|p1a: Scizor|atk|1
|-unboost|p1a: Scizor|def|1
|-damage|p1a: Scizor|91/100|[from] item: Life Orb
|faint|p2a: AND IM THE
|
|upkeep
|c|☆pannuracotta|this game def got something against me
|c|☆gaijineagle|sorry bro
|inactive|pannuracotta has 270 seconds left.
|
|t:|1618138919
|switch|p2a: S.S ANNE|Toxapex, M|96/100
|turn|11
|inactive|pannuracotta has 270 seconds left.
|
|t:|1618138927
|move|p1a: Scizor|Psycho Cut|p2a: S.S ANNE
|-supereffective|p2a: S.S ANNE
|-damage|p2a: S.S ANNE|0 fnt
|-damage|p1a: Scizor|81/100|[from] item: Life Orb
|faint|p2a: S.S ANNE
|
|upkeep
|inactive|pannuracotta has 270 seconds left.
|
|t:|1618138933
|switch|p2a: THAT GOT NO SSN|Tapu Koko|100/100
|-fieldstart|move: Electric Terrain|[from] ability: Electric Surge|[of] p2a: THAT GOT NO SSN
|turn|12
|
|t:|1618138940
|move|p1a: Scizor|Bullet Punch|p2a: THAT GOT NO SSN
|-damage|p2a: THAT GOT NO SSN|0 fnt
|-damage|p1a: Scizor|71/100|[from] item: Life Orb
|faint|p2a: THAT GOT NO SSN
|
|upkeep
|
|t:|1618138942
|switch|p2a: HOP UP ON THE|Kyurem|100/100
|-ability|p2a: HOP UP ON THE|Pressure
|turn|13
|
|t:|1618138950
|move|p1a: Scizor|Bullet Punch|p2a: HOP UP ON THE
|-supereffective|p2a: HOP UP ON THE
|-damage|p2a: HOP UP ON THE|0 fnt
|-damage|p1a: Scizor|61/100|[from] item: Life Orb
|faint|p2a: HOP UP ON THE
|
|upkeep
|
|t:|1618138961
|switch|p2a: WITH SOME MEXICANS|Clefable, F|100/100
|turn|14
|
|t:|1618138964
|move|p1a: Scizor|Bullet Punch|p2a: WITH SOME MEXICANS
|-supereffective|p2a: WITH SOME MEXICANS
|-damage|p2a: WITH SOME MEXICANS|0 fnt
|-damage|p1a: Scizor|51/100|[from] item: Life Orb
|faint|p2a: WITH SOME MEXICANS
|
|win|gaijineagle
|c|☆gaijineagle|gg bro
|c|☆pannuracotta|yea
|l|☆pannuracotta
|c|☆gaijineagle|good luck in the next ones
