|html|<div class="broadcast-blue"><strong>[Gen 8] OU is currently suspecting Zamazenta-Crowned! For information on how to participate check out the <a href="https://www.smogon.com/forums/threads/np-ss-ou-suspect-process-round-10-royals.3681787/">suspect thread</a>.</strong></div>
|j|‽isheavydead
|j|☆mcp3
|inactive|Battle timer is ON: inactive players will automatically lose when time's up.
|t:|1619030215
|gametype|singles
|player|p1|isheavydead|ethan|
|player|p2|mcp3|roxanne-gen3|
|teamsize|p1|6
|teamsize|p2|6
|gen|8
|tier|[Gen 8] OU
|rated|Tournament battle
|clearpoke
|poke|p1|Rotom-Wash|
|poke|p1|Dragapult, M|
|poke|p1|Scizor, M|
|poke|p1|Landorus-Therian, M|
|poke|p1|Kyurem|
|poke|p1|Bisharp, M|
|poke|p2|Rillaboom, M|
|poke|p2|Landorus-Therian, M|
|poke|p2|Volcarona, F|
|poke|p2|Blissey, F|
|poke|p2|Clefable, M|
|poke|p2|Dragapult, M|
|rule|Sleep Clause Mod: Limit one foe put to sleep
|rule|Species Clause: Limit one of each Pokémon
|rule|OHKO Clause: OHKO moves are banned
|rule|Evasion Moves Clause: Evasion moves are banned
|rule|Endless Battle Clause: Forcing endless battles is banned
|rule|HP Percentage Mod: HP is shown in percentages
|rule|Dynamax Clause: You cannot dynamax
|teampreview
|j| BUBBY560
|j| im tofa
|j| kisian
|j| jjhug
|j| VanilluxeIsBased
|c|☆mcp3|hf mate
|j| Pansage 2006
|l| jjhug
|j| wehighashellrn
|j| LT7P29 Allistair
|j| Echo2615
|j| Ian_Yo
|j| YungBoi2080
|j| skarmbliss69
|j| random coinflip
|
|t:|1619030242
|start
|switch|p1a: Bisharp|Bisharp, M|100/100
|switch|p2a: Dragapult|Dragapult, M|100/100
|turn|1
|j| SmokingZone
|j| CartiWins
|j| SussyImpostor
|c| VanilluxeIsBased|oh no heavy is ded
|c| wehighashellrn|not sussyimpostor
|j| assddff
|inactive|mcp3 has 120 seconds left.
|inactive|isheavydead has 120 seconds left.
|c| skarmbliss69|is heavy dead?
|j| outk Livio
|c| VanilluxeIsBased|who killed the heavy?
|c| YungBoi2080|#notsussyimposter
|j| zekromboltage
|c| SussyImpostor|airpodsussy
|c| outk Livio|Is dead?
|inactive|mcp3 has 90 seconds left.
|j| welikebananapie
|c| skarmbliss69|damn are we really gonna need modchat in finals
|
|t:|1619030318
|switch|p2a: Rillaboom|Rillaboom, M|100/100
|-fieldstart|move: Grassy Terrain|[from] ability: Grassy Surge|[of] p2a: Rillaboom
|move|p1a: Bisharp|Beat Up|p2a: Rillaboom
|-damage|p2a: Rillaboom|86/100
|-damage|p2a: Rillaboom|70/100
|-damage|p2a: Rillaboom|52/100
|-damage|p2a: Rillaboom|35/100
|-damage|p2a: Rillaboom|18/100
|-damage|p2a: Rillaboom|7/100
|-hitcount|p2a: Rillaboom|6
|
|-heal|p2a: Rillaboom|13/100|[from] Grassy Terrain
|upkeep
|turn|2
|j| RBK
|c| SussyImpostor|imma catch a body, you lookin really sussy, (real sussy, real sussy, yeah)
|c| assddff|skarmbliss stop acting stupid then
|j| Kyurem
|
|t:|1619030328
|switch|p1a: Scizor|Scizor, M|100/100
|move|p2a: Rillaboom|U-turn|p1a: Scizor
|-resisted|p1a: Scizor
|-damage|p1a: Scizor|82/100
|c| wehighashellrn|crazy tech
|c| skarmbliss69|i said one line and people were already back to among us jokes
|c| VanilluxeIsBased|well sus is just comedy
|c| skarmbliss69|:/
|c| assddff|u-turn on boom?
|c| VanilluxeIsBased|amazing comedy
|inactive|mcp3 has 60 seconds left.
|c| assddff|insane tech
|
|t:|1619030361
|switch|p2a: Volcarona|Volcarona, F|100/100|[from]move: U-turn
|
|-heal|p1a: Scizor|89/100|[from] Grassy Terrain
|-heal|p1a: Scizor|95/100|[from] item: Leftovers
|upkeep
|turn|3
|
|t:|1619030369
|switch|p1a: Rotom|Rotom-Wash|100/100
|move|p2a: Volcarona|Quiver Dance|p2a: Volcarona
|-boost|p2a: Volcarona|spa|1
|-boost|p2a: Volcarona|spd|1
|-boost|p2a: Volcarona|spe|1
|
|upkeep
|turn|4
|l| im tofa
|
|t:|1619030373
|move|p2a: Volcarona|Safeguard|p2a: Volcarona
|-sidestart|p2: mcp3|Safeguard
|move|p1a: Rotom|Thunder Wave|p2a: Volcarona
|-activate|p2a: Volcarona|move: Safeguard
|
|upkeep
|turn|5
|
|t:|1619030376
|move|p2a: Volcarona|Quiver Dance|p2a: Volcarona
|-boost|p2a: Volcarona|spa|1
|-boost|p2a: Volcarona|spd|1
|-boost|p2a: Volcarona|spe|1
|move|p1a: Rotom|Volt Switch|p2a: Volcarona
|-damage|p2a: Volcarona|90/100
|
|t:|1619030380
|switch|p1a: Landorus|Landorus-Therian, M|100/100|[from]move: Volt Switch
|-ability|p1a: Landorus|Intimidate|boost
|-unboost|p2a: Volcarona|atk|1
|
|-heal|p2a: Volcarona|96/100|[from] Grassy Terrain
|-fieldend|move: Grassy Terrain
|upkeep
|turn|6
|
|t:|1619030383
|move|p2a: Volcarona|Flamethrower|p1a: Landorus
|-damage|p1a: Landorus|26/100
|move|p1a: Landorus|Earthquake|p2a: Volcarona
|-damage|p2a: Volcarona|58/100
|
|-heal|p1a: Landorus|32/100|[from] item: Leftovers
|upkeep
|turn|7
|c| wehighashellrn|its ova
|
|t:|1619030395
|move|p2a: Volcarona|Roost|p2a: Volcarona
|-heal|p2a: Volcarona|100/100
|-singleturn|p2a: Volcarona|move: Roost
|move|p1a: Landorus|Earthquake|p2a: Volcarona
|-damage|p2a: Volcarona|61/100
|
|-heal|p1a: Landorus|39/100|[from] item: Leftovers
|upkeep
|turn|8
|
|t:|1619030398
|move|p2a: Volcarona|Flamethrower|p1a: Landorus
|-damage|p1a: Landorus|0 fnt
|faint|p1a: Landorus
|
|-sideend|p2: mcp3|Safeguard
|upkeep
|
|t:|1619030402
|switch|p1a: Bisharp|Bisharp, M|100/100
|turn|9
|
|t:|1619030405
|switch|p2a: Rillaboom|Rillaboom, M|13/100
|-fieldstart|move: Grassy Terrain|[from] ability: Grassy Surge|[of] p2a: Rillaboom
|move|p1a: Bisharp|Beat Up|p2a: Rillaboom
|-damage|p2a: Rillaboom|0 fnt
|-hitcount|p2a: Rillaboom|1
|faint|p2a: Rillaboom
|
|upkeep
|j| u
|
|t:|1619030408
|switch|p2a: Volcarona|Volcarona, F|61/100
|turn|10
|
|t:|1619030412
|move|p2a: Volcarona|Flamethrower|p1a: Bisharp
|-supereffective|p1a: Bisharp
|-damage|p1a: Bisharp|0 fnt
|faint|p1a: Bisharp
|
|-heal|p2a: Volcarona|67/100|[from] Grassy Terrain
|upkeep
|
|t:|1619030417
|switch|p1a: Dragapult|Dragapult, M|100/100
|turn|11
|
|t:|1619030420
|switch|p2a: Blissey|Blissey, F|100/100
|move|p1a: Dragapult|U-turn|p2a: Blissey
|-damage|p2a: Blissey|87/100
|l| Kyurem
|
|t:|1619030426
|switch|p1a: Kyurem|Kyurem|100/100|[from]move: U-turn
|-ability|p1a: Kyurem|Pressure
|
|-heal|p2a: Blissey|93/100|[from] Grassy Terrain
|upkeep
|turn|12
|c|☆mcp3|:/
|-message|isheavydead forfeited.
|
|win|mcp3
|n|‽isheavydead|isheavydead
|n|☆mcp3|mcp3
|n| BUBBY560|bubby560
|n| kisian|kisian
|n| VanilluxeIsBased|vanilluxeisbased
|n| Pansage 2006|pansage2006
|n| wehighashellrn|wehighashellrn
|n| LT7P29 Allistair|lt7p29allistair
|n| Echo2615|echo2615
|n| Ian_Yo|ianyo
|n| YungBoi2080|yungboi2080
|n| skarmbliss69|skarmbliss69
|n| random coinflip|randomcoinflip
|n| SmokingZone|smokingzone
|n| CartiWins|cartiwins
|n| assddff|assddff
|n| outk Livio|outklivio
|n| zekromboltage|zekromboltage
|n| welikebananapie|welikebananapie
|n| RBK|rbk
|n| u|u
