|j|☆Frog on a Lily
|j|☆tesla roadster
|inactive|Battle timer is ON: inactive players will automatically lose when time's up.
|t:|1667050395
|gametype|singles
|player|p1|Frog on a Lily|ninjaboy|
|player|p2|tesla roadster|265|
|teamsize|p1|6
|teamsize|p2|6
|gen|8
|tier|[Gen 8] OU
|rated|Tournament battle
|rule|Sleep Clause Mod: Limit one foe put to sleep
|rule|Species Clause: Limit one of each Pokémon
|rule|OHKO Clause: OHKO moves are banned
|rule|Evasion Items Clause: Evasion items are banned
|rule|Evasion Moves Clause: Evasion moves are banned
|rule|Endless Battle Clause: Forcing endless battles is banned
|rule|HP Percentage Mod: HP is shown in percentages
|rule|Dynamax Clause: You cannot dynamax
|clearpoke
|poke|p1|Ferrothorn, M|
|poke|p1|Heatran, M|
|poke|p1|Tapu Fini|
|poke|p1|Weavile, M|
|poke|p1|Hippowdon, F|
|poke|p1|Tornadus-Therian, M|
|poke|p2|Ninetales-Alola, M|
|poke|p2|Heatran, M|
|poke|p2|Landorus-Therian, M|
|poke|p2|Tapu Fini|
|poke|p2|Arctozolt|
|poke|p2|Kartana|
|teampreview
|j| no quagsire?
|c|☆Frog on a Lily|hf
|j| Aftx
|j| cypherstest
|j|@Sww-Suwa
|c|☆tesla roadster|u2
|inactive|tesla roadster has 120 seconds left.
|j| WeirdHamster
|j| whiteflares
|
|t:|1667050441
|start
|switch|p1a: Ferrothorn|Ferrothorn, M|100/100
|switch|p2a: Deathstroke|Kartana, shiny|100/100
|turn|1
|j|%moondazing
|
|t:|1667050448
|move|p2a: Deathstroke|Sacred Sword|p1a: Ferrothorn
|-supereffective|p1a: Ferrothorn
|-damage|p1a: Ferrothorn|52/100
|-damage|p2a: Deathstroke|88/100|[from] ability: Iron Barbs|[of] p1a: Ferrothorn
|move|p1a: Ferrothorn|Body Press|p2a: Deathstroke
|-supereffective|p2a: Deathstroke
|-damage|p2a: Deathstroke|18/100
|
|-heal|p1a: Ferrothorn|58/100|[from] item: Leftovers
|upkeep
|turn|2
|j| Albedoe
|
|t:|1667050473
|switch|p2a: Destroyer|Arctozolt, shiny|100/100
|switch|p1a: Tornadus|Tornadus-Therian, M|100/100
|
|upkeep
|turn|3
|inactive|tesla roadster has 120 seconds left.
|
|t:|1667050492
|move|p1a: Tornadus|U-turn|p2a: Destroyer
|-damage|p2a: Destroyer|82/100
|j| bhkg
|n| Albedoe|albedoe
|inactive|Frog on a Lily has 120 seconds left.
|
|t:|1667050529
|switch|p1a: Ferrothorn|Ferrothorn, M|58/100|[from]move: U-turn
|move|p2a: Destroyer|Blizzard|p1a: Ferrothorn
|-damage|p1a: Ferrothorn|27/100
|
|-heal|p1a: Ferrothorn|33/100|[from] item: Leftovers
|upkeep
|turn|4
|j| TheNewBrends11
|inactive|Frog on a Lily has 120 seconds left.
|j| AtraX Madara
|inactive|tesla roadster has 120 seconds left.
|l| AtraX Madara
|
|t:|1667050558
|move|p2a: Destroyer|Low Kick|p1a: Ferrothorn
|-supereffective|p1a: Ferrothorn
|-damage|p1a: Ferrothorn|0 fnt
|-damage|p2a: Destroyer|70/100|[from] ability: Iron Barbs|[of] p1a: Ferrothorn
|faint|p1a: Ferrothorn
|
|upkeep
|inactive|Frog on a Lily has 120 seconds left.
|
|t:|1667050566
|switch|p1a: Heatran|Heatran, M|100/100
|-item|p1a: Heatran|Air Balloon
|turn|5
|j| ripreckful
|inactive|tesla roadster has 120 seconds left.
|l| ripreckful
|
|t:|1667050590
|switch|p2a: Deathstroke|Kartana, shiny|18/100
|move|p1a: Heatran|Magma Storm|p2a: Deathstroke|[miss]
|-miss|p1a: Heatran|p2a: Deathstroke
|
|upkeep
|turn|6
|inactive|Frog on a Lily has 120 seconds left.
|c|☆tesla roadster|unlucky
|inactive|tesla roadster has 90 seconds left.
|c| TheNewBrends11|that would have done huge damage
|c|☆tesla roadster|yeah
|inactive|Frog on a Lily has 90 seconds left.
|c|☆Frog on a Lily|well it appears I hve to levea ggz
|c|☆tesla roadster|gg
|-message|Frog on a Lily forfeited.
|
|win|tesla roadster
|n|☆Frog on a Lily|frogonalily
|n|☆tesla roadster|teslaroadster
|n| no quagsire?|noquagsire
|n| Aftx|aftx
|n| cypherstest|cypherstest
|n| Sww-Suwa|swwsuwa
|n| WeirdHamster|weirdhamster
|n| whiteflares|whiteflares
|n|+moondazing|moondazing
|n| Albedoe|albedoe
|n| bhkg|bhkg
|n| TheNewBrends11|thenewbrends11
|l|☆Frog on a Lily
|l|☆tesla roadster
|l| Sww-Suwa
|l| no quagsire?
|l|+moondazing
|l| Aftx
