|j|☆blackrabbit0303
|j|☆PokeDa
|player|p1|blackrabbit0303|208|1222
|player|p2|PokeDa|wallace|1179
|teamsize|p1|6
|teamsize|p2|6
|gametype|singles
|gen|8
|tier|[Gen 8] OU
|rated|
|rule|Sleep Clause Mod: Limit one foe put to sleep
|rule|Species Clause: Limit one of each Pokémon
|rule|OHKO Clause: OHKO moves are banned
|rule|Evasion Moves Clause: Evasion moves are banned
|rule|Endless Battle Clause: Forcing endless battles is banned
|rule|HP Percentage Mod: HP is shown in percentages
|clearpoke
|poke|p1|Dragapult, F|
|poke|p1|Darmanitan-Galar, M|
|poke|p1|Mandibuzz, F|
|poke|p1|Rotom-Heat|
|poke|p1|Seismitoad, F|
|poke|p1|Bisharp, F|
|poke|p2|Dragapult, F|
|poke|p2|Clefable, F|
|poke|p2|Seismitoad, M|
|poke|p2|Darmanitan-Galar, F|
|poke|p2|Excadrill, M|
|poke|p2|Conkeldurr, M|
|rule|Dynamax Clause: You cannot dynamax
|teampreview
|
|start
|switch|p1a: Darmanitan|Darmanitan-Galar, M|100/100
|switch|p2a: Seismitoad|Seismitoad, M|100/100
|turn|1
|
|move|p1a: Darmanitan|Icicle Crash|p2a: Seismitoad
|-damage|p2a: Seismitoad|47/100
|move|p2a: Seismitoad|Stealth Rock|p1a: Darmanitan
|-sidestart|p1: blackrabbit0303|move: Stealth Rock
|
|-heal|p2a: Seismitoad|53/100|[from] item: Leftovers
|upkeep
|turn|2
|
|move|p1a: Darmanitan|Icicle Crash|p2a: Seismitoad
|-damage|p2a: Seismitoad|6/100
|move|p2a: Seismitoad|Focus Blast|p1a: Darmanitan
|-supereffective|p1a: Darmanitan
|-damage|p1a: Darmanitan|24/100
|
|-heal|p2a: Seismitoad|12/100|[from] item: Leftovers
|upkeep
|turn|3
|
|move|p1a: Darmanitan|Icicle Crash|p2a: Seismitoad|[miss]
|-miss|p1a: Darmanitan|p2a: Seismitoad
|move|p2a: Seismitoad|Scald|p1a: Darmanitan
|-damage|p1a: Darmanitan|0 fnt
|faint|p1a: Darmanitan
|
|-heal|p2a: Seismitoad|18/100|[from] item: Leftovers
|upkeep
|inactive|Battle timer is ON: inactive players will automatically lose when time's up. (requested by PokeDa)
|-message|blackrabbit0303 forfeited.
|
|win|PokeDa
|l|☆blackrabbit0303
|raw|blackrabbit0303's rating: 1222 &rarr; <strong>1194</strong><br />(-28 for losing)
|raw|PokeDa's rating: 1179 &rarr; <strong>1207</strong><br />(+28 for winning)
