|j|☆RNSpooky_Man21
|j|☆Delibird Heart
|inactive|Battle timer is ON: inactive players will automatically lose when time's up.
|t:|1666378816
|gametype|singles
|player|p1|RNSpooky_Man21|argenta|
|player|p2|Delibird Heart|guitarist-gen4|
|teamsize|p1|6
|teamsize|p2|6
|gen|8
|tier|[Gen 8] OU
|rated|Tournament battle
|rule|Sleep Clause Mod: Limit one foe put to sleep
|rule|Species Clause: Limit one of each Pokémon
|rule|OHKO Clause: OHKO moves are banned
|rule|Evasion Items Clause: Evasion items are banned
|rule|Evasion Moves Clause: Evasion moves are banned
|rule|Endless Battle Clause: Forcing endless battles is banned
|rule|HP Percentage Mod: HP is shown in percentages
|rule|Dynamax Clause: You cannot dynamax
|rule|Tier Shift Mod: Pokémon get stat buffs depending on their tier, excluding HP.
|clearpoke
|poke|p1|Persian-Alola, F|
|poke|p1|Aromatisse, F|
|poke|p1|Vikavolt, F|
|poke|p1|Centiskorch, F|
|poke|p1|Comfey, F|
|poke|p1|Drifblim, F|
|poke|p2|Landorus-Therian, M|
|poke|p2|Corviknight, F|
|poke|p2|Scyther, M|
|poke|p2|Mr. Mime-Galar, M|
|poke|p2|Pinsir, F|
|poke|p2|Haunter, F|
|teampreview
|inactive|Delibird Heart also wants the timer to be on.
|c|☆RNSpooky_Man21|gl hf
|j| MNMSOFF
|c|☆Delibird Heart|glhf
|
|t:|1666378832
|start
|switch|p1a: Skorch Shot|Centiskorch, F|100/100
|switch|p2a: Scyther|Scyther, M, shiny|100/100
|turn|1
|
|t:|1666378839
|move|p2a: Scyther|Dual Wingbeat|p1a: Skorch Shot
|-supereffective|p1a: Skorch Shot
|-damage|p1a: Skorch Shot|34/100
|-supereffective|p1a: Skorch Shot
|-damage|p1a: Skorch Shot|0 fnt
|faint|p1a: Skorch Shot
|-hitcount|p1: Skorch Shot|2
|
|upkeep
|
|t:|1666378853
|switch|p1a: shit shiny|Persian-Alola, F, shiny|100/100
|turn|2
|j|%chrome8
|
|t:|1666378880
|switch|p2a: Corviknight|Corviknight, F|100/100
|-ability|p2a: Corviknight|Pressure
|move|p1a: shit shiny|Knock Off|p2a: Corviknight
|-damage|p2a: Corviknight|80/100
|-enditem|p2a: Corviknight|Leftovers|[from] move: Knock Off|[of] p1a: shit shiny
|
|upkeep
|turn|3
|j| gimmickyasitgets
|j| suloxiv
|
|t:|1666378889
|move|p1a: shit shiny|Parting Shot|p2a: Corviknight
|-unboost|p2a: Corviknight|atk|1
|-unboost|p2a: Corviknight|spa|1
|
|t:|1666378898
|switch|p1a: Titanium Drone|Vikavolt, F, shiny|100/100|[from]move: Parting Shot
|move|p2a: Corviknight|U-turn|p1a: Titanium Drone
|-damage|p1a: Titanium Drone|94/100
|j| Asb04
|inactive|Delibird Heart has 120 seconds left.
|
|t:|1666378941
|switch|p2a: Landorus|Landorus-Therian, M|100/100|[from]move: U-turn
|-ability|p2a: Landorus|Intimidate|boost
|-unboost|p1a: Titanium Drone|atk|1
|
|upkeep
|turn|4
|c|☆RNSpooky_Man21|so why dont you run mr rime
|c|☆RNSpooky_Man21|!ts mr rime
|raw|<div class="message"><ul class="utilichart"><li class="result"><span class="col numcol">(PU)</span> <span class="col iconcol"><psicon pokemon="mrrime"/></span> <span class="col pokemonnamecol" style="white-space:nowrap"><a href="https://dex.pokemonshowdown.com/pokemon/mrrime" target="_blank">Mr. Rime</a></span> <span class="col typecol"><img src="https://play.pokemonshowdown.com/sprites/types/Ice.png" alt="Ice" height="14" width="32"><img src="https://play.pokemonshowdown.com/sprites/types/Psychic.png" alt="Psychic" height="14" width="32"></span> <span style="float:left;min-height:26px"><span class="col twoabilitycol">Tangled Feet<br />Screen Cleaner</span><span class="col abilitycol"><em>Ice Body</em></span></span><span style="float:left;min-height:26px"><span class="col statcol"><em>HP</em><br />80</span> <span class="col statcol"><em>Atk</em><br />125</span> <span class="col statcol"><em>Def</em><br />115</span> <span class="col statcol"><em>SpA</em><br />150</span> <span class="col statcol"><em>SpD</em><br />140</span> <span class="col statcol"><em>Spe</em><br />110</span> <span class="col bstcol"><em>BST<br />720</em></span> </span></li><li style="clear:both"></li></ul></div>
|c|☆Delibird Heart|idk i made this in like 5 seconds
|inactive|Delibird Heart has 90 seconds left.
|c|☆Delibird Heart|when i saw there was a tour
|c|☆Delibird Heart|lmao
|
|t:|1666378979
|switch|p1a: bloons td|Drifblim, F|100/100
|move|p2a: Landorus|Stealth Rock|p1a: bloons td
|-sidestart|p1: RNSpooky_Man21|move: Stealth Rock
|
|upkeep
|turn|5
|l|%chrome8
|c|☆RNSpooky_Man21|oh ok makes sense
|
|t:|1666378986
|move|p1a: bloons td|Strength Sap|p2a: Landorus
|-unboost|p2a: Landorus|atk|1
|move|p2a: Landorus|Toxic|p1a: bloons td
|-status|p1a: bloons td|tox
|
|-damage|p1a: bloons td|94/100 tox|[from] psn
|upkeep
|turn|6
|
|t:|1666378992
|move|p1a: bloons td|Defog|p2a: Landorus
|-unboost|p2a: Landorus|evasion|1
|-sideend|p1: RNSpooky_Man21|Stealth Rock|[from] move: Defog|[of] p1a: bloons td
|move|p2a: Landorus|U-turn|p1a: bloons td
|-resisted|p1a: bloons td
|-damage|p1a: bloons td|92/100 tox
|
|t:|1666378996
|switch|p2a: Mr. Mime|Mr. Mime-Galar, M|100/100|[from]move: U-turn
|
|-damage|p1a: bloons td|80/100 tox|[from] psn
|upkeep
|turn|7
|
|t:|1666379001
|move|p2a: Mr. Mime|Calm Mind|p2a: Mr. Mime
|-boost|p2a: Mr. Mime|spa|1
|-boost|p2a: Mr. Mime|spd|1
|move|p1a: bloons td|Shadow Ball|p2a: Mr. Mime
|-supereffective|p2a: Mr. Mime
|-damage|p2a: Mr. Mime|45/100
|
|-damage|p1a: bloons td|62/100 tox|[from] psn
|upkeep
|turn|8
|
|t:|1666379006
|move|p2a: Mr. Mime|Freeze-Dry|p1a: bloons td
|-supereffective|p1a: bloons td
|-damage|p1a: bloons td|0 fnt
|faint|p1a: bloons td
|
|upkeep
|
|t:|1666379015
|switch|p1a: shit shiny|Persian-Alola, F, shiny|100/100
|turn|9
|inactive|Delibird Heart has 120 seconds left.
|
|t:|1666379034
|switch|p2a: Corviknight|Corviknight, F|80/100
|-ability|p2a: Corviknight|Pressure
|move|p1a: shit shiny|Knock Off|p2a: Corviknight
|-damage|p2a: Corviknight|65/100
|
|upkeep
|turn|10
|
|t:|1666379041
|move|p1a: shit shiny|Parting Shot|p2a: Corviknight
|-unboost|p2a: Corviknight|atk|1
|-unboost|p2a: Corviknight|spa|1
|
|t:|1666379049
|switch|p1a: Titanium Drone|Vikavolt, F, shiny|94/100|[from]move: Parting Shot
|move|p2a: Corviknight|U-turn|p1a: Titanium Drone
|-damage|p1a: Titanium Drone|87/100
|
|t:|1666379057
|switch|p2a: Landorus|Landorus-Therian, M|100/100|[from]move: U-turn
|-ability|p2a: Landorus|Intimidate|boost
|-unboost|p1a: Titanium Drone|atk|1
|
|upkeep
|turn|11
|l| Asb04
|
|t:|1666379067
|switch|p1a: ball|Aromatisse, F|100/100
|move|p2a: Landorus|Stealth Rock|p1a: ball
|-sidestart|p1: RNSpooky_Man21|move: Stealth Rock
|
|upkeep
|turn|12
|j| Asb04
|
|t:|1666379073
|move|p2a: Landorus|U-turn|p1a: ball
|-resisted|p1a: ball
|-damage|p1a: ball|94/100
|
|t:|1666379077
|switch|p2a: Haunter|Haunter, F|100/100|[from]move: U-turn
|move|p1a: ball|Toxic|p2a: Haunter
|-immune|p2a: Haunter
|
|-heal|p1a: ball|99/100|[from] item: Leftovers
|upkeep
|turn|13
|c|☆RNSpooky_Man21|hmmm
|c|☆RNSpooky_Man21|aint no way in passing corv
|c|☆RNSpooky_Man21|gg wp
|-message|RNSpooky_Man21 forfeited.
|
|win|Delibird Heart
|n|☆RNSpooky_Man21|rnspookyman21
|n|☆Delibird Heart|delibirdheart
|n| MNMSOFF|mnmsoff
|n| gimmickyasitgets|gimmickyasitgets
|n| suloxiv|suloxiv
|n| Asb04|asb04
