|j|☆aegisofdestruction
|j|☆cold.exe
|player|p1|aegisofdestruction|winona-gen3|1494
|player|p2|cold.exe|steven|1463
|teamsize|p1|6
|teamsize|p2|6
|gametype|singles
|gen|8
|tier|[Gen 8] OU
|rated|
|clearpoke
|poke|p1|Amoonguss, F|
|poke|p1|Slowbro, M|
|poke|p1|Urshifu-*, M|
|poke|p1|Mandibuzz, F|
|poke|p1|Marowak-Alola, M|
|poke|p1|Magearna-Original|
|poke|p2|Diggersby, F|
|poke|p2|Azumarill, F|
|poke|p2|Mandibuzz, F|
|poke|p2|Rotom-Heat|
|poke|p2|Rillaboom, M|
|poke|p2|Cinderace, F|
|rule|Sleep Clause Mod: Limit one foe put to sleep
|rule|Species Clause: Limit one of each Pokémon
|rule|OHKO Clause: OHKO moves are banned
|rule|Evasion Moves Clause: Evasion moves are banned
|rule|Endless Battle Clause: Forcing endless battles is banned
|rule|HP Percentage Mod: HP is shown in percentages
|rule|Dynamax Clause: You cannot dynamax
|teampreview
|inactive|Battle timer is ON: inactive players will automatically lose when time's up. (requested by aegisofdestruction)
|
|start
|switch|p1a: Amoonguss|Amoonguss, F, shiny|100/100
|switch|p2a: Bruh|Cinderace, F|100/100
|turn|1
|
|switch|p1a: Slowbro|Slowbro, M|100/100
|move|p2a: Bruh|Electro Ball|p1a: Slowbro
|-start|p2a: Bruh|typechange|Electric|[from] ability: Libero
|-supereffective|p1a: Slowbro
|-damage|p1a: Slowbro|0 fnt
|faint|p1a: Slowbro
|
|upkeep
|
|switch|p1a: Marowak|Marowak-Alola, M|100/100
|turn|2
|
|switch|p2a: Mandibuzz|Mandibuzz, F|100/100
|move|p1a: Marowak|Stealth Rock|p2a: Mandibuzz
|-sidestart|p2: cold.exe|move: Stealth Rock
|
|upkeep
|turn|3
|
|switch|p1a: Magearna|Magearna-Original|100/100
|move|p2a: Mandibuzz|Defog|p1a: Magearna
|-unboost|p1a: Magearna|evasion|1
|-sideend|p2: cold.exe|Stealth Rock|[from] move: Defog|[of] p2a: Mandibuzz
|
|upkeep
|turn|4
|
|switch|p2a: Diggersby|Diggersby, F|100/100
|move|p1a: Magearna|Volt Switch|p2a: Diggersby
|-immune|p2a: Diggersby
|
|upkeep
|turn|5
|
|switch|p1a: Mandibuzz|Mandibuzz, F|100/100
|move|p2a: Diggersby|Body Slam|p1a: Mandibuzz
|-damage|p1a: Mandibuzz|47/100
|-status|p1a: Mandibuzz|par
|
|upkeep
|turn|6
|-message|aegisofdestruction forfeited.
|
|win|cold.exe
|l|☆aegisofdestruction
||Ladder (probably) updated, but score could not be retrieved (Request timeout).
