|raw|<div class="broadcast-blue"><strong>This battle is required to be public due to a player having a name starting with 'lt93oq'.</div>
|j|☆LT93OQ Vegeto
|j|‽antarctozolt
|t:|1660655902
|gametype|singles
|player|p1|LT93OQ Vegeto|ethan|1799
|player|p2|antarctozolt|skier|1977
|teamsize|p1|6
|teamsize|p2|6
|gen|8
|tier|[Gen 8] OU
|rated|
|rule|Sleep Clause Mod: Limit one foe put to sleep
|rule|Species Clause: Limit one of each Pokémon
|rule|OHKO Clause: OHKO moves are banned
|rule|Evasion Items Clause: Evasion items are banned
|rule|Evasion Moves Clause: Evasion moves are banned
|rule|Endless Battle Clause: Forcing endless battles is banned
|rule|HP Percentage Mod: HP is shown in percentages
|rule|Dynamax Clause: You cannot dynamax
|clearpoke
|poke|p1|Garchomp, M|
|poke|p1|Zapdos|
|poke|p1|Clefable, F|
|poke|p1|Ferrothorn, M|
|poke|p1|Weavile, F|
|poke|p1|Tapu Lele|
|poke|p2|Kartana|
|poke|p2|Toxtricity, M|
|poke|p2|Celesteela|
|poke|p2|Dragapult, M|
|poke|p2|Mew|
|poke|p2|Zeraora|
|teampreview
|inactive|Battle timer is ON: inactive players will automatically lose when time's up. (requested by LT93OQ Vegeto)
|
|t:|1660655910
|start
|switch|p1a: Garchomp|Garchomp, M|100/100
|switch|p2a: Dragapult|Dragapult, M|100/100
|turn|1
|j| LT93OQ SERPI
|
|t:|1660655914
|switch|p1a: Clefable|Clefable, F|100/100
|move|p2a: Dragapult|U-turn|p1a: Clefable
|-resisted|p1a: Clefable
|-crit|p1a: Clefable
|-damage|p1a: Clefable|91/100
|
|t:|1660655916
|switch|p2a: Toxtricity|Toxtricity, M|100/100|[from]move: U-turn
|
|-heal|p1a: Clefable|97/100|[from] item: Leftovers
|upkeep
|turn|2
|
|t:|1660655920
|switch|p1a: Ferrothorn|Ferrothorn, M|100/100
|move|p2a: Toxtricity|Shift Gear|p2a: Toxtricity
|-boost|p2a: Toxtricity|spe|2
|-boost|p2a: Toxtricity|atk|1
|
|upkeep
|turn|3
|
|t:|1660655923
|move|p2a: Toxtricity|Fire Punch|p1a: Ferrothorn
|-supereffective|p1a: Ferrothorn
|-damage|p1a: Ferrothorn|7/100
|-damage|p2a: Toxtricity|88/100|[from] ability: Iron Barbs|[of] p1a: Ferrothorn
|-damage|p2a: Toxtricity|78/100|[from] item: Life Orb
|move|p1a: Ferrothorn|Leech Seed|p2a: Toxtricity|[miss]
|-miss|p1a: Ferrothorn|p2a: Toxtricity
|
|-heal|p1a: Ferrothorn|14/100|[from] item: Leftovers
|upkeep
|turn|4
|j|+Mengy ㋛
|j| Cono de la Correze
|j|+Perry
|
|t:|1660655932
|switch|p1a: Garchomp|Garchomp, M|100/100
|move|p2a: Toxtricity|Boomburst|p1a: Garchomp
|-damage|p1a: Garchomp|13/100
|-damage|p2a: Toxtricity|68/100|[from] item: Life Orb
|
|-heal|p1a: Garchomp|19/100|[from] item: Leftovers
|upkeep
|turn|5
|j| LT93OQ TROP CHAUD
|-message|LT93OQ Vegeto forfeited.
|
|win|antarctozolt
|raw|LT93OQ Vegeto's rating: 1799 &rarr; <strong>1788</strong><br />(-11 for losing)
|raw|antarctozolt's rating: 1977 &rarr; <strong>1988</strong><br />(+11 for winning)
|l|☆LT93OQ Vegeto
|l|+Mengy ㋛
|j| LT93OQ Highv0ltag3
|l| Cono de la Correze
|j| isma hangougo
|l|+Perry
|j| Marin XD
|l| LT93OQ SERPI
||Ladder isn't responding, score probably updated but might not have (Request timeout).
