|j|☆stareal
|j|☆isheavydead
|inactive|Battle timer is ON: inactive players will automatically lose when time's up.
|t:|1614650256
|player|p1|stareal|#stareal|
|player|p2|isheavydead|ethan|
|teamsize|p1|6
|teamsize|p2|6
|gametype|singles
|gen|8
|tier|[Gen 8] OU
|rated|Tournament battle
|clearpoke
|poke|p1|Blissey, F|
|poke|p1|Clefable, F|
|poke|p1|Kyurem|
|poke|p1|Corviknight, M|
|poke|p1|Toxapex, F|
|poke|p1|Swampert, F|
|poke|p2|Xatu, M|
|poke|p2|Espeon, M|
|poke|p2|Tapu Lele|
|poke|p2|Polteageist|
|poke|p2|Cloyster, F|
|poke|p2|Omastar, F|
|rule|Sleep Clause Mod: Limit one foe put to sleep
|rule|Species Clause: Limit one of each Pokémon
|rule|OHKO Clause: OHKO moves are banned
|rule|Evasion Moves Clause: Evasion moves are banned
|rule|Endless Battle Clause: Forcing endless battles is banned
|rule|HP Percentage Mod: HP is shown in percentages
|rule|Dynamax Clause: You cannot dynamax
|teampreview
|j|%Fusien
|j| Lost again
|j| AquaVanilla
|j|%mcp3
|j| Horrendous Dreams
|j|#brouha☆
|j| kisian
|c|☆isheavydead|hf
|j|#Ox the Fox
|c| Horrendous Dreams|ofn
|c|☆stareal|yeah u2
|c| Horrendous Dreams|stall
|c|#Ox the Fox|not this squad
|c|#Ox the Fox|LOL
|
|t:|1614650272
|start
|switch|p1a: Kyurem|Kyurem|100/100
|switch|p2a: Tapu Lele|Tapu Lele, shiny|100/100
|-ability|p1a: Kyurem|Pressure
|-fieldstart|move: Psychic Terrain|[from] ability: Psychic Surge|[of] p2a: Tapu Lele
|turn|1
|c|☆isheavydead|LOL
|c| AquaVanilla|isheavydead sexy team
|c| AquaVanilla|<3
|c|☆isheavydead|for some reason nobody is running rillaboom
|j|%htcl 山羊
|c|☆isheavydead|which 6-0s me
|c| Horrendous Dreams|yooo
|j| Toad Master 8
|c| Horrendous Dreams|cloyster
|
|t:|1614650295
|switch|p1a: Blissey|Blissey, F|100/100
|move|p2a: Tapu Lele|Moonblast|p1a: Blissey
|-damage|p1a: Blissey|81/100
|
|upkeep
|turn|2
|c| Horrendous Dreams|if you don't have tp on cloyster, wtf are you doing
|j| capo test
|
|t:|1614650305
|switch|p2a: Xatu|Xatu, M|100/100
|move|p1a: Blissey|Soft-Boiled|p1a: Blissey
|-heal|p1a: Blissey|100/100
|
|upkeep
|turn|3
|c|%htcl 山羊|everyones too busying bring the fattest thing they have
|c|#brouha☆|isheavydead has had like toughest bracket
|c|%htcl 山羊|in their builder
|
|t:|1614650321
|switch|p1a: Kyurem|Kyurem|100/100
|-ability|p1a: Kyurem|Pressure
|move|p2a: Xatu|Teleport|p2a: Xatu
|c|☆isheavydead|ive gotten so lucky
|c|☆isheavydead|hm
|j| Humorless
|inactive|isheavydead has 120 seconds left.
|c| AquaVanilla|isheavydead did u beat fusien or did he let u win
|c| Horrendous Dreams|cloyster...
|j| buteko
|c|☆isheavydead|basically i got a spdef drop
|c|☆isheavydead|that won me the game
|c| AquaVanilla|lmao
|c| Horrendous Dreams|damn
|c|☆isheavydead|and i wanted to forfeit
|c|☆isheavydead|but he did it first
|c| Horrendous Dreams|it do be like that
|c|%Fusien|Even without drop it was
|c|%Fusien|a 50/50
|inactive|isheavydead has 90 seconds left.
|
|t:|1614650383
|switch|p2a: Polteageist|Polteageist|100/100|[from]move: Teleport
|
|upkeep
|turn|4
|c|%Fusien|on whether you would go shifu or not
|c|☆isheavydead|yea
|c|%Fusien|so it wasn’t clear cut
|inactive|stareal has 120 seconds left.
|j|+starry
|inactive|stareal has 90 seconds left.
|
|t:|1614650467
|move|p1a: Kyurem|Freeze-Dry|p2a: Polteageist
|-damage|p2a: Polteageist|62/100
|move|p2a: Polteageist|Shell Smash|p2a: Polteageist
|-unboost|p2a: Polteageist|def|1
|-unboost|p2a: Polteageist|spd|1
|-boost|p2a: Polteageist|atk|2
|-boost|p2a: Polteageist|spa|2
|-boost|p2a: Polteageist|spe|2
|
|upkeep
|turn|5
|
|t:|1614650478
|switch|p1a: Corviknight|Corviknight, M|100/100
|-ability|p1a: Corviknight|Pressure
|move|p2a: Polteageist|Stored Power|p1a: Corviknight
|-resisted|p1a: Corviknight
|-damage|p1a: Corviknight|44/100
|
|-heal|p1a: Corviknight|50/100|[from] item: Leftovers
|upkeep
|turn|6
|
|t:|1614650484
|move|p2a: Polteageist|Stored Power|p1a: Corviknight
|-resisted|p1a: Corviknight
|-damage|p1a: Corviknight|0 fnt
|faint|p1a: Corviknight
|
|upkeep
|
|t:|1614650486
|switch|p1a: Blissey|Blissey, F|100/100
|turn|7
|j| l2p tricking
|c| Horrendous Dreams|bro, reveal unaware clef
|
|t:|1614650494
|move|p2a: Polteageist|Stored Power|p1a: Blissey
|-damage|p1a: Blissey|56/100
|move|p1a: Blissey|Thunder Wave|p2a: Polteageist
|-status|p2a: Polteageist|par
|
|upkeep
|turn|8
|inactive|stareal has 90 seconds left.
|j| SenatoroTogekiss
|c| Horrendous Dreams|wait, that wouldn't matter
|
|t:|1614650502
|switch|p1a: Kyurem|Kyurem|100/100
|-ability|p1a: Kyurem|Pressure
|move|p2a: Polteageist|Shell Smash|p2a: Polteageist
|-unboost|p2a: Polteageist|def|1
|-unboost|p2a: Polteageist|spd|1
|-boost|p2a: Polteageist|atk|2
|-boost|p2a: Polteageist|spa|2
|-boost|p2a: Polteageist|spe|2
|
|-fieldend|move: Psychic Terrain
|upkeep
|turn|9
|c| Horrendous Dreams|I'm slow
|
|t:|1614650508
|move|p2a: Polteageist|Stored Power|p1a: Kyurem
|-damage|p1a: Kyurem|0 fnt
|faint|p1a: Kyurem
|
|upkeep
|inactive|stareal has 90 seconds left.
|c|%Fusien|Goat polt
|c| SenatoroTogekiss|you are running hh66tt's team
|c| Horrendous Dreams|haze pex
|c|☆isheavydead|yes
|
|t:|1614650535
|switch|p1a: Clefable|Clefable, F|100/100
|turn|10
|c| SenatoroTogekiss|interesting
|
|t:|1614650540
|move|p2a: Polteageist|Stored Power|p1a: Clefable
|-damage|p1a: Clefable|15/100
|move|p1a: Clefable|Calm Mind|p1a: Clefable
|-boost|p1a: Clefable|spa|1
|-boost|p1a: Clefable|spd|1
|
|upkeep
|turn|11
|c| Horrendous Dreams|pray to god for a full para
|c|☆isheavydead|it's unaware
|
|t:|1614650546
|move|p2a: Polteageist|Stored Power|p1a: Clefable
|-damage|p1a: Clefable|0 fnt
|faint|p1a: Clefable
|
|upkeep
|c| SenatoroTogekiss|you got it from him or just from playing him on ladder?
|j|+Lockjaw
|c|☆stareal|gg!
|c| Horrendous Dreams|damn
|-message|stareal forfeited.
|
|win|isheavydead
|n|☆stareal|stareal
|n|☆isheavydead|isheavydead
|n| Fusien|fusien
|n| Lost again|lostagain
|n| AquaVanilla|aquavanilla
|n| mcp3|mcp3
|n| Horrendous Dreams|horrendousdreams
|n|%brouha☆|brouha
|n| kisian|kisian
|n|+Ox the Fox|oxthefox
|n| htcl 山羊|htcl
|n| Toad Master 8|toadmaster8
|n| capo test|capotest
|n| Humorless|humorless
|n| buteko|buteko
|n| starry|starry
|n| l2p tricking|l2ptricking
|n| SenatoroTogekiss|senatorotogekiss
|n|+Lockjaw|lockjaw
|c|☆isheavydead|gg
|l|☆stareal
|l| htcl 山羊
|c| Horrendous Dreams|he didn't have haze pex
|l| kisian
|l| Horrendous Dreams
|c|☆isheavydead|SenatoroTogekiss just from playing him
|l|☆isheavydead
|c| SenatoroTogekiss|i see
|l| Humorless
