|j|☆Mimi Strdst Stan69
|j|☆Sombra Diurna
|t:|1643311291
|gametype|singles
|player|p1|Mimi Strdst Stan69|dawn-gen4pt|1728
|player|p2|Sombra Diurna|blue|1650
|teamsize|p1|6
|teamsize|p2|6
|gen|8
|tier|[Gen 8] OU
|rated|
|rule|Sleep Clause Mod: Limit one foe put to sleep
|rule|Species Clause: Limit one of each Pokémon
|rule|OHKO Clause: OHKO moves are banned
|rule|Evasion Moves Clause: Evasion moves are banned
|rule|Endless Battle Clause: Forcing endless battles is banned
|rule|HP Percentage Mod: HP is shown in percentages
|rule|Dynamax Clause: You cannot dynamax
|clearpoke
|poke|p1|Nihilego|
|poke|p1|Kartana|
|poke|p1|Celesteela|
|poke|p1|Latios, M|
|poke|p1|Mew|
|poke|p1|Latias, F|
|poke|p2|Marowak-Alola, M|
|poke|p2|Slowbro, M|
|poke|p2|Hatterene, F|
|poke|p2|Garchomp, M|
|poke|p2|Ferrothorn, M|
|poke|p2|Drampa, M|
|teampreview
|
|t:|1643311300
|start
|switch|p1a: Celesteela|Celesteela|100/100
|switch|p2a: Sharko|Garchomp, M|100/100
|turn|1
|
|t:|1643311305
|switch|p2a: Sonso|Slowbro, M|100/100
|move|p1a: Celesteela|Autotomize|p1a: Celesteela
|-boost|p1a: Celesteela|spe|2
|-start|p1a: Celesteela|Autotomize
|
|upkeep
|turn|2
|
|t:|1643311312
|move|p1a: Celesteela|Meteor Beam||[still]
|-prepare|p1a: Celesteela|Meteor Beam
|-boost|p1a: Celesteela|spa|1
|-enditem|p1a: Celesteela|Power Herb
|-anim|p1a: Celesteela|Meteor Beam|p2a: Sonso
|-damage|p2a: Sonso|38/100
|move|p2a: Sonso|Trick Room|p2a: Sonso
|-fieldstart|move: Trick Room|[of] p2a: Sonso
|
|upkeep
|turn|3
|
|t:|1643311323
|switch|p2a: Falkor|Drampa, M|100/100
|move|p1a: Celesteela|Air Slash|p2a: Falkor
|-damage|p2a: Falkor|46/100
|-ability|p2a: Falkor|Berserk|boost
|-boost|p2a: Falkor|spa|1
|
|upkeep
|turn|4
|
|t:|1643311330
|move|p2a: Falkor|Thunderbolt|p1a: Celesteela
|-supereffective|p1a: Celesteela
|-damage|p1a: Celesteela|0 fnt
|faint|p1a: Celesteela
|-damage|p2a: Falkor|36/100|[from] item: Life Orb
|
|upkeep
|
|t:|1643311341
|switch|p1a: Mew|Mew|100/100
|turn|5
|j| gare23limit
|
|t:|1643311345
|move|p2a: Falkor|Roost|p2a: Falkor
|-heal|p2a: Falkor|86/100
|-singleturn|p2a: Falkor|move: Roost
|move|p1a: Mew|Nasty Plot|p1a: Mew
|-boost|p1a: Mew|spa|2
|
|upkeep
|turn|6
|
|t:|1643311352
|move|p2a: Falkor|Hyper Voice|p1a: Mew
|-damage|p1a: Mew|0 fnt
|faint|p1a: Mew
|-damage|p2a: Falkor|77/100|[from] item: Life Orb
|
|-fieldend|move: Trick Room
|upkeep
|c|☆Mimi Strdst Stan69|huh
|c|☆Mimi Strdst Stan69|wtf is that mon
|c|☆Mimi Strdst Stan69|!dt drampa
|raw|<div class="message"><ul class="utilichart"><li class="result"><span class="col numcol">PUBL</span> <span class="col iconcol"><psicon pokemon="drampa"/></span> <span class="col pokemonnamecol" style="white-space:nowrap"><a href="https://dex.pokemonshowdown.com/pokemon/drampa" target="_blank">Drampa</a></span> <span class="col typecol"><img src="https://play.pokemonshowdown.com/sprites/types/Normal.png" alt="Normal" height="14" width="32"><img src="https://play.pokemonshowdown.com/sprites/types/Dragon.png" alt="Dragon" height="14" width="32"></span> <span style="float:left;min-height:26px"><span class="col twoabilitycol">Berserk<br />Sap Sipper</span><span class="col abilitycol"><em>Cloud Nine</em></span></span><span style="float:left;min-height:26px"><span class="col statcol"><em>HP</em><br />78</span> <span class="col statcol"><em>Atk</em><br />60</span> <span class="col statcol"><em>Def</em><br />85</span> <span class="col statcol"><em>SpA</em><br />135</span> <span class="col statcol"><em>SpD</em><br />91</span> <span class="col statcol"><em>Spe</em><br />36</span> <span class="col bstcol"><em>BST<br />485</em></span> </span></li><li style="clear:both"></li></ul></div>
|raw|<font size="1"><font color="#686868">Dex#:</font> 780&nbsp;|&ThickSpace;<font color="#686868">Gen:</font> 7&nbsp;|&ThickSpace;<font color="#686868">Height:</font> 3 m&nbsp;|&ThickSpace;<font color="#686868">Weight:</font> 185 kg <em>(100 BP)</em>&nbsp;|&ThickSpace;<font color="#686868">Dex Colour:</font> White&nbsp;|&ThickSpace;<font color="#686868">Egg Group(s):</font> Monster, Dragon&nbsp;|&ThickSpace;<font color="#686868">Does Not Evolve</font></font>

|c|☆Mimi Strdst Stan69|oh
|
|t:|1643311372
|switch|p1a: Latios|Latios, M|100/100
|turn|7
|
|t:|1643311378
|switch|p2a: Gorra|Hatterene, F, shiny|100/100
|move|p1a: Latios|Light Screen|p1a: Latios
|-sidestart|p1: Mimi Strdst Stan69|move: Light Screen
|
|upkeep
|turn|8
|
|t:|1643311385
|move|p1a: Latios|Reflect|p1a: Latios
|-sidestart|p1: Mimi Strdst Stan69|Reflect
|move|p2a: Gorra|Mystical Fire|p1a: Latios
|-resisted|p1a: Latios
|-damage|p1a: Latios|96/100
|-unboost|p1a: Latios|spa|1
|
|upkeep
|turn|9
|
|t:|1643311391
|switch|p1a: Nihilego|Nihilego|100/100
|move|p2a: Gorra|Mystical Fire|p1a: Nihilego
|-resisted|p1a: Nihilego
|-damage|p1a: Nihilego|97/100
|-unboost|p1a: Nihilego|spa|1
|
|upkeep
|turn|10
|
|t:|1643311398
|switch|p1a: Latias|Latias, F|100/100
|switch|p2a: Thorns|Ferrothorn, M|100/100
|
|upkeep
|turn|11
|
|t:|1643311405
|move|p1a: Latias|Calm Mind|p1a: Latias
|-boost|p1a: Latias|spa|1
|-boost|p1a: Latias|spd|1
|move|p2a: Thorns|Leech Seed|p1a: Latias
|-start|p1a: Latias|move: Leech Seed
|
|-damage|p1a: Latias|88/100|[from] Leech Seed|[of] p2a: Thorns
|upkeep
|turn|12
|c|☆Mimi Strdst Stan69|gg
|
|t:|1643311411
|switch|p2a: Gorra|Hatterene, F, shiny|100/100
|move|p1a: Latias|Aura Sphere|p2a: Gorra
|-resisted|p2a: Gorra
|-damage|p2a: Gorra|95/100
|
|-damage|p1a: Latias|76/100|[from] Leech Seed|[of] p2a: Gorra
|-heal|p2a: Gorra|100/100|[silent]
|upkeep
|turn|13
|-message|Mimi Strdst Stan69 forfeited.
|
|win|Sombra Diurna
|raw|Mimi Strdst Stan69's rating: 1728 &rarr; <strong>1704</strong><br />(-24 for losing)
|raw|Sombra Diurna's rating: 1650 &rarr; <strong>1674</strong><br />(+24 for winning)
|l|☆Mimi Strdst Stan69
|c|☆Sombra Diurna|gg
||Ladder isn't responding, score probably updated but might not have (Request timeout).
