|j|☆Rasar
|j|☆Run For Me Plz
|t:|1660224279
|gametype|singles
|player|p1|Rasar|170|1583
|player|p2|Run For Me Plz|blue-gen2|1576
|teamsize|p1|6
|teamsize|p2|6
|gen|8
|tier|[Gen 8] OU
|rated|
|rule|Sleep Clause Mod: Limit one foe put to sleep
|rule|Species Clause: Limit one of each Pokémon
|rule|OHKO Clause: OHKO moves are banned
|rule|Evasion Items Clause: Evasion items are banned
|rule|Evasion Moves Clause: Evasion moves are banned
|rule|Endless Battle Clause: Forcing endless battles is banned
|rule|HP Percentage Mod: HP is shown in percentages
|rule|Dynamax Clause: You cannot dynamax
|clearpoke
|poke|p1|Aegislash, M|
|poke|p1|Dragapult, F|
|poke|p1|Rotom-Wash|
|poke|p1|Clefable, F|
|poke|p1|Mandibuzz, F|
|poke|p1|Landorus-Therian, M|
|poke|p2|Incineroar, M|
|poke|p2|Tapu Lele|
|poke|p2|Dragapult, M|
|poke|p2|Buzzwole|
|poke|p2|Corviknight, M|
|poke|p2|Amoonguss, F|
|teampreview
|l|☆Run For Me Plz
|player|p2|
|j|☆Run For Me Plz
|player|p2|Run For Me Plz|blue-gen2
|
|t:|1660224300
|start
|switch|p1a: Dragapult|Dragapult, F|100/100
|switch|p2a: Dragapult|Dragapult, M|100/100
|turn|1
|
|t:|1660224306
|switch|p1a: Mandibuzz|Mandibuzz, F|100/100
|move|p2a: Dragapult|Draco Meteor|p1a: Mandibuzz
|-damage|p1a: Mandibuzz|57/100
|-unboost|p2a: Dragapult|spa|2
|
|upkeep
|turn|2
|
|t:|1660224317
|switch|p2a: Tapu Lele|Tapu Lele|100/100
|-fieldstart|move: Psychic Terrain|[from] ability: Psychic Surge|[of] p2a: Tapu Lele
|move|p1a: Mandibuzz|Roost|p1a: Mandibuzz
|-heal|p1a: Mandibuzz|100/100
|-singleturn|p1a: Mandibuzz|move: Roost
|
|upkeep
|turn|3
|inactive|Battle timer is ON: inactive players will automatically lose when time's up. (requested by Run For Me Plz)
|
|t:|1660224328
|switch|p1a: Aegislash|Aegislash, M|100/100
|move|p2a: Tapu Lele|Moonblast|p1a: Aegislash
|-resisted|p1a: Aegislash
|-damage|p1a: Aegislash|61/100
|
|upkeep
|turn|4
|
|t:|1660224341
|switch|p2a: Corviknight|Corviknight, M, shiny|100/100
|-ability|p2a: Corviknight|Pressure
|-formechange|p1a: Aegislash|Aegislash-Blade||[from] ability: Stance Change
|move|p1a: Aegislash|Shadow Ball|p2a: Corviknight
|-damage|p2a: Corviknight|49/100
|
|-heal|p2a: Corviknight|56/100|[from] item: Leftovers
|upkeep
|turn|5
|
|t:|1660224354
|switch|p1a: Rotom|Rotom-Wash|100/100
|move|p2a: Corviknight|U-turn|p1a: Rotom
|-damage|p1a: Rotom|85/100
|
|t:|1660224358
|switch|p2a: Tapu Lele|Tapu Lele|100/100|[from]move: U-turn
|
|-heal|p1a: Rotom|91/100|[from] item: Leftovers
|upkeep
|turn|6
|inactive|Rasar has 120 seconds left.
|
|t:|1660224398
|move|p1a: Rotom|Volt Switch|p2a: Tapu Lele
|-damage|p2a: Tapu Lele|72/100
|inactive|Rasar has 90 seconds left.
|
|t:|1660224448
|switch|p1a: Clefable|Clefable, F|100/100|[from]move: Volt Switch
|move|p2a: Tapu Lele|Moonblast|p1a: Clefable
|-damage|p1a: Clefable|23/100
|
|-heal|p1a: Clefable|29/100|[from] item: Leftovers
|-fieldend|move: Psychic Terrain
|upkeep
|turn|7
|l|☆Run For Me Plz
|inactive|Run For Me Plz disconnected and has a minute to reconnect!
|player|p2|
|inactive|Rasar has 60 seconds left.
|inactive|Run For Me Plz has 30 seconds to reconnect!
|inactive|Run For Me Plz has 20 seconds to reconnect!
|inactive|Run For Me Plz has 15 seconds to reconnect!
|inactive|Run For Me Plz has 10 seconds to reconnect!
|inactive|Run For Me Plz has 5 seconds to reconnect!
|-message|Run For Me Plz lost due to inactivity.
|
|win|Rasar
|raw|Rasar's rating: 1583 &rarr; <strong>1603</strong><br />(+20 for winning)
|raw|Run For Me Plz's rating: 1576 &rarr; <strong>1556</strong><br />(-20 for losing)
|j|☆Run For Me Plz
|player|p2|Run For Me Plz|blue-gen2
|l|☆Run For Me Plz
|player|p2|
|j|☆Run For Me Plz
|player|p2|Run For Me Plz|blue-gen2
|l|☆Run For Me Plz
|player|p2|
|j|☆Run For Me Plz
|player|p2|Run For Me Plz|blue-gen2
|l|☆Run For Me Plz
|player|p2|
||Ladder isn't responding, score probably updated but might not have (Request timeout).
