|j|☆Composure
|j|☆friedfreak
|t:|1619590774
|gametype|singles
|player|p1|Composure|colress|1582
|player|p2|friedfreak|170|1776
|teamsize|p1|6
|teamsize|p2|6
|gen|8
|tier|[Gen 8] OU
|rated|
|clearpoke
|poke|p1|Mew|
|poke|p1|Volcarona, M|
|poke|p1|Bisharp, M|
|poke|p1|Garchomp, M|
|poke|p1|Dragapult, M|
|poke|p1|Cloyster, F|
|poke|p2|Ferrothorn, F|
|poke|p2|Mandibuzz, F|
|poke|p2|Kartana|
|poke|p2|Tapu Koko|
|poke|p2|Garchomp, F|
|poke|p2|Slowking, F|
|rule|Sleep Clause Mod: Limit one foe put to sleep
|rule|Species Clause: Limit one of each Pokémon
|rule|OHKO Clause: OHKO moves are banned
|rule|Evasion Moves Clause: Evasion moves are banned
|rule|Endless Battle Clause: Forcing endless battles is banned
|rule|HP Percentage Mod: HP is shown in percentages
|rule|Dynamax Clause: You cannot dynamax
|teampreview
|j| Mel0nL0rd
|
|t:|1619590783
|start
|switch|p1a: Mew|Mew, shiny|100/100
|switch|p2a: Better Zamazenta|Kartana|100/100
|turn|1
|
|t:|1619590787
|move|p2a: Better Zamazenta|Knock Off|p1a: Mew
|-supereffective|p1a: Mew
|-damage|p1a: Mew|0 fnt
|-enditem|p1a: Mew|Red Card|[from] move: Knock Off|[of] p2a: Better Zamazenta
|faint|p1a: Mew
|-ability|p2a: Better Zamazenta|Beast Boost|boost
|-boost|p2a: Better Zamazenta|atk|1
|
|upkeep
|
|t:|1619590791
|switch|p1a: Amun-Ra|Volcarona, M|100/100
|turn|2
|
|t:|1619590795
|move|p2a: Better Zamazenta|Knock Off|p1a: Amun-Ra
|-damage|p1a: Amun-Ra|0 fnt
|-enditem|p1a: Amun-Ra|Heavy-Duty Boots|[from] move: Knock Off|[of] p2a: Better Zamazenta
|faint|p1a: Amun-Ra
|-ability|p2a: Better Zamazenta|Beast Boost|boost
|-boost|p2a: Better Zamazenta|atk|1
|
|upkeep
|-message|Composure forfeited.
|
|win|friedfreak
|raw|Composure's rating: 1582 &rarr; <strong>1572</strong><br />(-10 for losing)
|raw|friedfreak's rating: 1776 &rarr; <strong>1786</strong><br />(+10 for winning)
|l|☆Composure
|l|☆friedfreak
|c| Mel0nL0rd|lmao
