|j|☆France On Top
|j|☆2(H2O)
|t:|1658846980
|gametype|singles
|player|p1|France On Top|burglar-gen1|1598
|player|p2|2(H2O)|chase|1569
|teamsize|p1|6
|teamsize|p2|6
|gen|8
|tier|[Gen 8] OU
|rated|
|rule|Sleep Clause Mod: Limit one foe put to sleep
|rule|Species Clause: Limit one of each Pokémon
|rule|OHKO Clause: OHKO moves are banned
|rule|Evasion Moves Clause: Evasion moves are banned
|rule|Endless Battle Clause: Forcing endless battles is banned
|rule|HP Percentage Mod: HP is shown in percentages
|rule|Dynamax Clause: You cannot dynamax
|clearpoke
|poke|p1|Zapdos|
|poke|p1|Tornadus-Therian, M|
|poke|p1|Urshifu-*, M|
|poke|p1|Landorus-Therian, M|
|poke|p1|Hydreigon, M|
|poke|p1|Toxapex, M|
|poke|p2|Pelipper, M|
|poke|p2|Blissey, F|
|poke|p2|Urshifu-*, M|
|poke|p2|Zeraora|
|poke|p2|Ferrothorn, M|
|poke|p2|Tornadus-Therian, M|
|teampreview
|
|t:|1658846984
|start
|switch|p1a: n°5 Makelele|Zapdos|100/100
|switch|p2a: Pelipper|Pelipper, M|100/100
|-weather|RainDance|[from] ability: Drizzle|[of] p2a: Pelipper
|turn|1
|inactive|Battle timer is ON: inactive players will automatically lose when time's up. (requested by 2(H2O))
|
|t:|1658846989
|switch|p2a: Zeraora|Zeraora|100/100
|move|p1a: n°5 Makelele|Hurricane|p2a: Zeraora
|-resisted|p2a: Zeraora
|-damage|p2a: Zeraora|50/100
|
|-weather|RainDance|[upkeep]
|upkeep
|turn|2
|
|t:|1658847001
|switch|p2a: Blissey|Blissey, F|100/100
|move|p1a: n°5 Makelele|Hurricane|p2a: Blissey
|-damage|p2a: Blissey|67/100
|
|-weather|RainDance|[upkeep]
|upkeep
|turn|3
|
|t:|1658847015
|move|p1a: n°5 Makelele|Hurricane|p2a: Blissey
|-damage|p2a: Blissey|36/100
|-start|p2a: Blissey|confusion
|-activate|p2a: Blissey|confusion
|move|p2a: Blissey|Soft-Boiled|p2a: Blissey
|-heal|p2a: Blissey|86/100
|
|-weather|RainDance|[upkeep]
|upkeep
|turn|4
|
|t:|1658847027
|move|p1a: n°5 Makelele|Hurricane|p2a: Blissey
|-damage|p2a: Blissey|56/100
|-activate|p2a: Blissey|confusion
|-damage|p2a: Blissey|55/100|[from] confusion
|
|-weather|RainDance|[upkeep]
|upkeep
|turn|5
|
|t:|1658847033
|move|p1a: n°5 Makelele|Hurricane|p2a: Blissey
|-damage|p2a: Blissey|22/100
|-activate|p2a: Blissey|confusion
|-damage|p2a: Blissey|21/100|[from] confusion
|
|-weather|none
|upkeep
|turn|6
|
|t:|1658847039
|move|p1a: n°5 Makelele|Hurricane|p2a: Blissey
|-damage|p2a: Blissey|0 fnt
|faint|p2a: Blissey
|
|upkeep
|-message|2(H2O) forfeited.
|
|win|France On Top
|raw|France On Top's rating: 1598 &rarr; <strong>1616</strong><br />(+18 for winning)
|raw|2(H2O)'s rating: 1569 &rarr; <strong>1551</strong><br />(-18 for losing)
|l|☆2(H2O)
||Ladder isn't responding, score probably updated but might not have (Request timeout).
