|html|<div class="broadcast-blue"><strong>[Gen 8] OU is currently suspecting Melmetal! For information on how to participate check out the <a href="https://www.smogon.com/forums/threads/np-ss-ou-suspect-process-round-12-monster-mash.3709234/">suspect thread</a>.</strong></div>
|j|☆minimax_ai
|j|☆Huskothy
|t:|1666055935
|gametype|singles
|player|p1|minimax_ai|lusamine-nihilego|1641
|player|p2|Huskothy|lucas|1657
|teamsize|p1|6
|teamsize|p2|6
|gen|8
|tier|[Gen 8] OU
|rated|
|rule|Sleep Clause Mod: Limit one foe put to sleep
|rule|Species Clause: Limit one of each Pokémon
|rule|OHKO Clause: OHKO moves are banned
|rule|Evasion Items Clause: Evasion items are banned
|rule|Evasion Moves Clause: Evasion moves are banned
|rule|Endless Battle Clause: Forcing endless battles is banned
|rule|HP Percentage Mod: HP is shown in percentages
|rule|Dynamax Clause: You cannot dynamax
|clearpoke
|poke|p1|Rotom-Wash|
|poke|p1|Weavile, F|
|poke|p1|Landorus-Therian, M|
|poke|p1|Heatran, M|
|poke|p1|Tangrowth, F|
|poke|p1|Melmetal|
|poke|p2|Turtonator, M|
|poke|p2|Tapu Koko|
|poke|p2|Hawlucha, F|
|poke|p2|Landorus-Therian, M|
|poke|p2|Moltres-Galar|
|poke|p2|Kartana|
|teampreview
|c|☆minimax_ai|hf
|inactive|Battle timer is ON: inactive players will automatically lose when time's up. (requested by minimax_ai)
|
|t:|1666055944
|start
|switch|p1a: landorustherian|Landorus-Therian, M|100/100
|switch|p2a: Landorus|Landorus-Therian, M|100/100
|-ability|p2a: Landorus|Intimidate|boost
|-unboost|p1a: landorustherian|atk|1
|-ability|p1a: landorustherian|Intimidate|boost
|-unboost|p2a: Landorus|atk|1
|turn|1
|c|☆Huskothy|u2
|
|t:|1666055949
|move|p2a: Landorus|Imprison|p2a: Landorus
|-start|p2a: Landorus|move: Imprison
|move|p1a: landorustherian|Toxic|p2a: Landorus
|-status|p2a: Landorus|tox
|
|-damage|p2a: Landorus|94/100 tox|[from] psn
|upkeep
|turn|2
|
|t:|1666055950
|move|p2a: Landorus|Stealth Rock|p1a: landorustherian
|-sidestart|p1: minimax_ai|move: Stealth Rock
|move|p1a: landorustherian|Toxic|p2a: Landorus
|-fail|p2a: Landorus|tox
|
|-damage|p2a: Landorus|82/100 tox|[from] psn
|upkeep
|turn|3
|inactive|minimax_ai has 120 seconds left.
|inactive|minimax_ai has 90 seconds left.
|inactive|minimax_ai has 60 seconds left.
|inactive|minimax_ai has 30 seconds left.
|inactive|minimax_ai has 20 seconds left.
|inactive|minimax_ai has 15 seconds left.
|inactive|minimax_ai has 10 seconds left.
|inactive|minimax_ai has 5 seconds left.
|-message|minimax_ai lost due to inactivity.
|
|win|Huskothy
|raw|minimax_ai's rating: 1641 &rarr; <strong>1622</strong><br />(-19 for losing)
|raw|Huskothy's rating: 1657 &rarr; <strong>1676</strong><br />(+19 for winning)
|c|☆minimax_ai|gg
