|j|☆jushu114514
|j|☆Stads
|t:|1668006487
|gametype|singles
|player|p1|jushu114514|170|1747
|player|p2|Stads|169|1848
|teamsize|p1|6
|teamsize|p2|6
|gen|8
|tier|[Gen 8] OU
|rated|
|rule|Sleep Clause Mod: Limit one foe put to sleep
|rule|Species Clause: Limit one of each Pokémon
|rule|OHKO Clause: OHKO moves are banned
|rule|Evasion Items Clause: Evasion items are banned
|rule|Evasion Moves Clause: Evasion moves are banned
|rule|Endless Battle Clause: Forcing endless battles is banned
|rule|HP Percentage Mod: HP is shown in percentages
|rule|Dynamax Clause: You cannot dynamax
|clearpoke
|poke|p1|Dragapult, M|
|poke|p1|Weavile, M|
|poke|p1|Landorus-Therian, M|
|poke|p1|Melmetal|
|poke|p1|Crawdaunt, M|
|poke|p1|Kartana|
|poke|p2|Tornadus-Therian, M|
|poke|p2|Corviknight, F|
|poke|p2|Kartana|
|poke|p2|Toxapex, F|
|poke|p2|Hippowdon, M|
|poke|p2|Heatran, F|
|teampreview
|j| aReptileDysfunctn
|
|t:|1668006513
|start
|switch|p1a: Enten|Landorus-Therian, M, shiny|100/100
|switch|p2a: Tornadus|Tornadus-Therian, M|100/100
|-ability|p1a: Enten|Intimidate|boost
|-unboost|p2a: Tornadus|atk|1
|turn|1
|
|t:|1668006538
|switch|p2a: Corviknight|Corviknight, F|100/100
|-ability|p2a: Corviknight|Pressure
|move|p1a: Enten|Stealth Rock|p2a: Corviknight
|-sidestart|p2: Stads|move: Stealth Rock
|
|upkeep
|turn|2
|
|t:|1668006540
|move|p2a: Corviknight|Roost||[still]
|-fail|p2a: Corviknight|heal
|move|p1a: Enten|U-turn|p2a: Corviknight
|-resisted|p2a: Corviknight
|-damage|p2a: Corviknight|97/100
|inactive|Battle timer is ON: inactive players will automatically lose when time's up. (requested by Stads)
|
|t:|1668006615
|switch|p1a: Leviathan|Dragapult, M, shiny|100/100|[from]move: U-turn
|
|-heal|p2a: Corviknight|100/100|[from] item: Leftovers
|upkeep
|turn|3
|inactive|Stads has 120 seconds left.
|
|t:|1668006655
|move|p1a: Leviathan|Shadow Ball|p2a: Corviknight
|-damage|p2a: Corviknight|48/100
|move|p2a: Corviknight|Defog|p1a: Leviathan
|-unboost|p1a: Leviathan|evasion|1
|-sideend|p2: Stads|Stealth Rock|[from] move: Defog|[of] p2a: Corviknight
|
|-heal|p2a: Corviknight|55/100|[from] item: Leftovers
|upkeep
|turn|4
|
|t:|1668006671
|move|p1a: Leviathan|Shadow Ball|p2a: Corviknight
|-damage|p2a: Corviknight|0 fnt
|faint|p2a: Corviknight
|
|upkeep
|-message|Stads forfeited.
|
|win|jushu114514
|raw|jushu114514's rating: 1725 &rarr; <strong>1752</strong><br />(+27 for winning)
|raw|Stads's rating: 1848 &rarr; <strong>1821</strong><br />(-27 for losing)
|l|☆Stads
||Ladder isn't responding, score probably updated but might not have (Request timeout).
