|j|☆Wheezer
|j|☆FIRE LORD AESON!
|t:|1630961705
|gametype|singles
|player|p1|Wheezer|petrel|1624
|player|p2|FIRE LORD AESON!|ninjaboy|1617
|teamsize|p1|6
|teamsize|p2|6
|gen|8
|tier|[Gen 8] OU
|rated|
|rule|Sleep Clause Mod: Limit one foe put to sleep
|rule|Species Clause: Limit one of each Pokémon
|rule|OHKO Clause: OHKO moves are banned
|rule|Evasion Moves Clause: Evasion moves are banned
|rule|Endless Battle Clause: Forcing endless battles is banned
|rule|HP Percentage Mod: HP is shown in percentages
|rule|Dynamax Clause: You cannot dynamax
|clearpoke
|poke|p1|Venusaur, F|
|poke|p1|Torkoal, F|
|poke|p1|Azelf|
|poke|p1|Tapu Lele|
|poke|p1|Porygon-Z|
|poke|p1|Kartana|
|poke|p2|Aerodactyl, F|
|poke|p2|Omastar, F|
|poke|p2|Stakataka|
|poke|p2|Terrakion|
|poke|p2|Rhyperior, F|
|poke|p2|Tyranitar, M|
|teampreview
|c|☆FIRE LORD AESON!|nice team bro
|c|☆FIRE LORD AESON!|u watch the sun vs mega zam movie yet?
|c|☆Wheezer|never heard of her
|inactive|Battle timer is ON: inactive players will automatically lose when time's up. (requested by FIRE LORD AESON!)
|
|t:|1630961800
|start
|switch|p1a: Kartana|Kartana|100/100
|switch|p2a: Aerodactyl|Aerodactyl, F|100/100
|-ability|p2a: Aerodactyl|Unnerve
|turn|1
|
|t:|1630961809
|move|p1a: Kartana|Smart Strike|p2a: Aerodactyl
|-supereffective|p2a: Aerodactyl
|-enditem|p2a: Aerodactyl|Focus Sash
|-damage|p2a: Aerodactyl|1/100
|move|p2a: Aerodactyl|Stealth Rock|p1a: Kartana
|-sidestart|p1: Wheezer|move: Stealth Rock
|
|upkeep
|turn|2
|
|t:|1630961816
|move|p1a: Kartana|Smart Strike|p2a: Aerodactyl
|-supereffective|p2a: Aerodactyl
|-damage|p2a: Aerodactyl|0 fnt
|faint|p2a: Aerodactyl
|-ability|p1a: Kartana|Beast Boost|boost
|-boost|p1a: Kartana|atk|1
|
|upkeep
|
|t:|1630961827
|switch|p2a: Omastar|Omastar, F|100/100
|-item|p2a: Omastar|Air Balloon
|turn|3
|
|t:|1630961830
|move|p1a: Kartana|Smart Strike|p2a: Omastar
|-damage|p2a: Omastar|24/100
|-ability|p2a: Omastar|Weak Armor|boost
|-unboost|p2a: Omastar|def|1
|-boost|p2a: Omastar|spe|2
|-enditem|p2a: Omastar|Air Balloon
|move|p2a: Omastar|Shell Smash|p2a: Omastar
|-unboost|p2a: Omastar|def|1
|-unboost|p2a: Omastar|spd|1
|-boost|p2a: Omastar|atk|2
|-boost|p2a: Omastar|spa|2
|-boost|p2a: Omastar|spe|2
|
|upkeep
|turn|4
|c|☆Wheezer|hm
|
|t:|1630961856
|move|p2a: Omastar|Earth Power|p1a: Kartana
|-damage|p1a: Kartana|0 fnt
|faint|p1a: Kartana
|
|upkeep
|inactive|Wheezer has 120 seconds left.
|
|t:|1630961872
|switch|p1a: Tapu Lele|Tapu Lele|100/100
|-damage|p1a: Tapu Lele|88/100|[from] Stealth Rock
|-fieldstart|move: Psychic Terrain|[from] ability: Psychic Surge|[of] p1a: Tapu Lele
|turn|5
|c|☆FIRE LORD AESON!|I'ma dm u
|inactive|FIRE LORD AESON! has 120 seconds left.
|
|t:|1630961907
|move|p2a: Omastar|Hydro Pump|p1a: Tapu Lele
|-damage|p1a: Tapu Lele|0 fnt
|faint|p1a: Tapu Lele
|
|upkeep
|c|☆FIRE LORD AESON!|phew....
|inactive|Wheezer has 120 seconds left.
|c|☆Wheezer|alright this team is doodoo lol
|c|☆Wheezer|gg
|-message|Wheezer forfeited.
|
|win|FIRE LORD AESON!
|l|☆Wheezer
|raw|Wheezer's rating: 1624 &rarr; <strong>1604</strong><br />(-20 for losing)
|raw|FIRE LORD AESON!'s rating: 1617 &rarr; <strong>1637</strong><br />(+20 for winning)
||Ladder isn't responding, score probably updated but might not have (Request timeout).
