|j|☆qwerabb
|j|☆Fastpitchkiller
|t:|1658555334
|gametype|singles
|player|p1|qwerabb|cynthia|1600
|player|p2|Fastpitchkiller|102|1628
|teamsize|p1|6
|teamsize|p2|6
|gen|8
|tier|[Gen 8] OU
|rated|
|rule|Sleep Clause Mod: Limit one foe put to sleep
|rule|Species Clause: Limit one of each Pokémon
|rule|OHKO Clause: OHKO moves are banned
|rule|Evasion Moves Clause: Evasion moves are banned
|rule|Endless Battle Clause: Forcing endless battles is banned
|rule|HP Percentage Mod: HP is shown in percentages
|rule|Dynamax Clause: You cannot dynamax
|clearpoke
|poke|p1|Landorus-Therian, M|
|poke|p1|Kartana|
|poke|p1|Zapdos|
|poke|p1|Weavile, F|
|poke|p1|Melmetal|
|poke|p1|Volcanion|
|poke|p2|Slowbro, F|
|poke|p2|Dracozolt|
|poke|p2|Hippowdon, F|
|poke|p2|Scizor, F|
|poke|p2|Zapdos-Galar|
|poke|p2|Regieleki|
|teampreview
|inactive|Battle timer is ON: inactive players will automatically lose when time's up. (requested by qwerabb)
|
|t:|1658555352
|start
|switch|p1a: Weavile|Weavile, F|100/100
|switch|p2a: Slowgatell|Slowbro, F|100/100
|-ability|p1a: Weavile|Pressure
|turn|1
|
|t:|1658555360
|move|p1a: Weavile|Beat Up|p2a: Slowgatell
|-supereffective|p2a: Slowgatell
|-damage|p2a: Slowgatell|84/100
|-supereffective|p2a: Slowgatell
|-damage|p2a: Slowgatell|62/100
|-supereffective|p2a: Slowgatell
|-damage|p2a: Slowgatell|50/100
|-supereffective|p2a: Slowgatell
|-damage|p2a: Slowgatell|33/100
|-supereffective|p2a: Slowgatell
|-damage|p2a: Slowgatell|15/100
|-supereffective|p2a: Slowgatell
|-damage|p2a: Slowgatell|0 fnt
|faint|p2a: Slowgatell
|-hitcount|p2: Slowgatell|6
|
|upkeep
|
|t:|1658555377
|switch|p2a: Zapdos|Zapdos-Galar|100/100
|turn|2
|
|t:|1658555388
|switch|p1a: Zapdos|Zapdos|100/100
|move|p2a: Zapdos|U-turn|p1a: Zapdos
|-resisted|p1a: Zapdos
|-damage|p1a: Zapdos|82/100
|-status|p2a: Zapdos|par|[from] ability: Static|[of] p1a: Zapdos
|
|t:|1658555395
|switch|p2a: Hippowdon|Hippowdon, F|100/100|[from]move: U-turn
|-weather|Sandstorm|[from] ability: Sand Stream|[of] p2a: Hippowdon
|
|-weather|Sandstorm|[upkeep]
|-damage|p1a: Zapdos|76/100|[from] Sandstorm
|upkeep
|turn|3
|
|t:|1658555415
|switch|p1a: Melmetal|Melmetal|100/100
|move|p2a: Hippowdon|Toxic|p1a: Melmetal
|-immune|p1a: Melmetal
|
|-weather|Sandstorm|[upkeep]
|upkeep
|turn|4
|
|t:|1658555423
|move|p1a: Melmetal|Double Iron Bash|p2a: Hippowdon
|-crit|p2a: Hippowdon
|-damage|p2a: Hippowdon|29/100
|-damage|p2a: Hippowdon|0 fnt
|faint|p2a: Hippowdon
|-hitcount|p2: Hippowdon|2
|
|-weather|Sandstorm|[upkeep]
|upkeep
|-message|Fastpitchkiller forfeited.
|
|win|qwerabb
|raw|qwerabb's rating: 1600 &rarr; <strong>1622</strong><br />(+22 for winning)
|raw|Fastpitchkiller's rating: 1628 &rarr; <strong>1606</strong><br />(-22 for losing)
|l|☆Fastpitchkiller
