|raw|<div class="broadcast-blue"><strong>This battle is required to be public due to a player having a name prefixed by 'LT71LX'.</div>
|j|☆lt71lx bfl
|j|‽LT71LX EGC
|t:|1597362961
|player|p1|lt71lx bfl|266|2173
|player|p2|LT71LX EGC|unknown|2154
|teamsize|p1|6
|teamsize|p2|6
|gametype|singles
|gen|8
|tier|[Gen 8] OU
|rated|
|clearpoke
|poke|p1|Excadrill, M|
|poke|p1|Rillaboom, M|
|poke|p1|Volcarona, M|
|poke|p1|Urshifu-*, M|
|poke|p1|Toxtricity, M|
|poke|p1|Primarina, F|
|poke|p2|Zeraora|
|poke|p2|Excadrill, M|
|poke|p2|Rillaboom, M|
|poke|p2|Volcarona, M|
|poke|p2|Urshifu-*, M|
|poke|p2|Azumarill, M|
|rule|Sleep Clause Mod: Limit one foe put to sleep
|rule|Species Clause: Limit one of each Pokémon
|rule|OHKO Clause: OHKO moves are banned
|rule|Evasion Moves Clause: Evasion moves are banned
|rule|Endless Battle Clause: Forcing endless battles is banned
|rule|HP Percentage Mod: HP is shown in percentages
|rule|Dynamax Clause: You cannot dynamax
|teampreview
|j| LT71LX MegaLucario
|j| lt71lx empo
|j| LT71LX Ciudadanos
|j| lt71lx cuzzie
|j| Spl4sh
|j| Kiichikos
|j| RNN YasuKe
|j| LT71LXJaggermaster
|j| lt71lx tace
|j| sup kid
|j| Destro16
|j| OUTU Hide And Seek
|j| lt71lx panamaxis
|j| Rnn brexit
|j| Sagiri I.
|j| lt71lx juuls
|j| storm zone
|l| OUTU Hide And Seek
|j| Devil Patchy
|j| cursedstar
|j| cleann
|j| Mara Sattei
|l| lt71lx panamaxis
|c| LT71LXJaggermaster|el duelo
|c| Sagiri I.|dios
|j| Javoon
|c| LT71LXJaggermaster|del milenio
|c| Sagiri I.|quien gane esta dentro
|j| LT71LX WD
|j| Livio ElTito
|j| Twixtry
|c| LT71LXJaggermaster|Beatris contra Egalvanse
|c| LT71LX Ciudadanos|Yo voy con egal
|c| LT71LX WD|one of these men will qualify
|j| Gondra
|c| LT71LX Ciudadanos|Que soy machista
|c| LT71LX WD|but not both
|c| Sagiri I.|cubano vs anorexico
|c| LT71LX Ciudadanos|Fuck Girls
|c| Sagiri I.|gl bros
|j| whyad
|c| Livio ElTito|otra vez no :(
|j|+phiwings99
|j| Jey2
|j| studying in tab
|j| LT71LX Luthier
|c| LT71LX MegaLucario|Gordiri I...
|c| LT71LX MegaLucario|yo iba a que clasificabas
|c| LT71LX MegaLucario|:pensive:
|j| Justamente
|j| LT71LX JOKERDOG
|c|☆lt71lx bfl|cada vez que tengo la oportunidad de entrar
|c|☆lt71lx bfl|jodes
|c|☆lt71lx bfl|aaaaaa
|c| Sagiri I.|el siguiente
|j| stableprince569
|j| Sley044
|j| RahelGamer03
|j| Waylaid
|j| JFCope
|c| RahelGamer03|EGAL TU PUEDES
|
|t:|1597363038
|start
|switch|p1a: Primarina|Primarina, F|100/100
|switch|p2a: Zeraora|Zeraora, shiny|100/100
|turn|1
|c| Justamente|Vamos egal
|inactive|Battle timer is ON: inactive players will automatically lose when time's up. (requested by LT71LX EGC)
|
|t:|1597363044
|move|p2a: Zeraora|Plasma Fists|p1a: Primarina
|-supereffective|p1a: Primarina
|-damage|p1a: Primarina|1/100
|-fieldactivate|move: Ion Deluge
|move|p1a: Primarina|Scald|p2a: Zeraora
|-damage|p2a: Zeraora|30/100
|
|-heal|p1a: Primarina|7/100|[from] item: Leftovers
|upkeep
|turn|2
|c| stableprince569|evs
|j| unforgiven lies
|
|t:|1597363061
|move|p2a: Zeraora|Knock Off|p1a: Primarina
|-resisted|p1a: Primarina
|-damage|p1a: Primarina|0 fnt
|-enditem|p1a: Primarina|Leftovers|[from] move: Knock Off|[of] p2a: Zeraora
|faint|p1a: Primarina
|
|upkeep
|
|t:|1597363063
|switch|p1a: Tama Tonga|Rillaboom, M|100/100
|-fieldstart|move: Grassy Terrain|[from] ability: Grassy Surge|[of] p1a: Tama Tonga
|turn|3
|j| LT71LX SW
|j| hrnnggghg
|l| hrnnggghg
|inactive|LT71LX EGC has 120 seconds left.
|
|t:|1597363099
|move|p2a: Zeraora|Knock Off|p1a: Tama Tonga
|-damage|p1a: Tama Tonga|66/100
|-enditem|p1a: Tama Tonga|Life Orb|[from] move: Knock Off|[of] p2a: Zeraora
|move|p1a: Tama Tonga|Swords Dance|p1a: Tama Tonga
|-boost|p1a: Tama Tonga|atk|2
|
|-heal|p2a: Zeraora|36/100|[from] Grassy Terrain
|-heal|p1a: Tama Tonga|72/100|[from] Grassy Terrain
|upkeep
|turn|4
|j| Iarimm
|j| relous
|
|t:|1597363107
|switch|p2a: Azumarill|Azumarill, M|100/100
|move|p1a: Tama Tonga|Swords Dance|p1a: Tama Tonga
|-boost|p1a: Tama Tonga|atk|2
|
|-heal|p1a: Tama Tonga|78/100|[from] Grassy Terrain
|upkeep
|turn|5
|l| sup kid
|j| guacamole socks
|j| DragonHunter994
|
|t:|1597363116
|move|p1a: Tama Tonga|High Horsepower|p2a: Azumarill
|-damage|p2a: Azumarill|21/100
|move|p2a: Azumarill|Perish Song|p2a: Azumarill
|-start|p1a: Tama Tonga|perish3|[silent]
|-start|p2a: Azumarill|perish3|[silent]
|-fieldactivate|move: Perish Song
|
|-heal|p1a: Tama Tonga|84/100|[from] Grassy Terrain
|-heal|p2a: Azumarill|27/100|[from] item: Leftovers
|-heal|p2a: Azumarill|34/100|[from] Grassy Terrain
|-start|p1a: Tama Tonga|perish3
|-start|p2a: Azumarill|perish3
|upkeep
|turn|6
|j| strealet❄
|
|t:|1597363123
|move|p2a: Azumarill|Protect|p2a: Azumarill
|-singleturn|p2a: Azumarill|Protect
|move|p1a: Tama Tonga|High Horsepower|p2a: Azumarill
|-activate|p2a: Azumarill|move: Protect
|
|-heal|p1a: Tama Tonga|91/100|[from] Grassy Terrain
|-heal|p2a: Azumarill|40/100|[from] item: Leftovers
|-heal|p2a: Azumarill|46/100|[from] Grassy Terrain
|-start|p1a: Tama Tonga|perish2
|-start|p2a: Azumarill|perish2
|upkeep
|turn|7
|c| stableprince569|ah
|c| stableprince569|him
|
|t:|1597363135
|move|p2a: Azumarill|Protect||[still]
|-fail|p2a: Azumarill
|move|p1a: Tama Tonga|High Horsepower|p2a: Azumarill
|-damage|p2a: Azumarill|0 fnt
|faint|p2a: Azumarill
|
|-heal|p1a: Tama Tonga|97/100|[from] Grassy Terrain
|-fieldend|move: Grassy Terrain
|-start|p1a: Tama Tonga|perish1
|upkeep
|j|@Finchinator
|
|t:|1597363143
|switch|p2a: Zeraora|Zeraora, shiny|36/100
|turn|8
|j| Nalorium
|j| curopins
|
|t:|1597363157
|move|p2a: Zeraora|Knock Off|p1a: Tama Tonga
|-damage|p1a: Tama Tonga|72/100
|move|p1a: Tama Tonga|Grassy Glide|p2a: Zeraora
|-crit|p2a: Zeraora
|-damage|p2a: Zeraora|0 fnt
|faint|p2a: Zeraora
|
|-start|p1a: Tama Tonga|perish0
|upkeep
|faint|p1a: Tama Tonga
|j| INSULT
|l| stableprince569
|l| Waylaid
|l| Mara Sattei
|l| lt71lx cuzzie
|l|☆lt71lx bfl
|inactive|lt71lx bfl disconnected and has a minute to reconnect!
|player|p1|
|l| LT71LX SW
|l| Iarimm
|j| 64 squares
|l| lt71lx empo
|j| kiwisalad
|l| RahelGamer03
|l| INSULT
|l| whyad
|l| Kiichikos
|n| Lt71x PAPA pia|unforgivenlies
|j| LT71LX XVR
|l| guacamole socks
|l|‽LT71LX EGC
|inactive|LT71LX EGC disconnected and has a minute to reconnect!
|player|p2|
|l| 64 squares
|l| LT71LX Luthier
|l| JFCope
|l| cleann
|j| Hayburner
|l| Destro16
|l| Twixtry
|l| LT71LXJaggermaster
|l| Lt71x PAPA pia
|l| kiwisalad
|l| Sley044
|l| LT71LX XVR
|l| lt71lx juuls
|c| LT71LX MegaLucario|test
|l| Hayburner
|l| Nalorium
|l| LT71LX MegaLucario
|l| lt71lx tace
|l|+phiwings99
|l| cursedstar
|j| cursedstar
|j| lt71lx juuls
|j| Luirromen
|j|☆lt71lx bfl
|inactive|lt71lx bfl reconnected and has 130 seconds left.
|player|p1|lt71lx bfl|266
|j| Kiichikos
|j| lt71lx cuzzie
|j| Zoros Prodigy
|j|‽LT71LX EGC
|inactive|LT71LX EGC reconnected.
|player|p2|LT71LX EGC|unknown
|n|‽LT71LX EGC|lt71lxegc
|c| Sagiri I.|lol
|inactive|lt71lx bfl has 120 seconds left.
|c| cursedstar|,
|n|☆lt71lx bfl|lt71lxbfl
|j| stableprince569
|j| Instagram Models
|j| FerZs
|c|☆lt71lx bfl|tio
|j| Pidgey Gordito
|j| adv hunger switch
|l| Zoros Prodigy
|c|☆lt71lx bfl|que susto
|c|☆lt71lx bfl|wa
|c|☆lt71lx bfl|que paso
|j| Destro16
|c| Sagiri I.|dios cabron
|j|+phiwings99
|j| LT71LX Luthier
|c| Livio ElTito|Se fue a la verga
|j| Twixtry
|
|t:|1597363350
|switch|p2a: Volcarona|Volcarona, M, shiny|100/100
|switch|p1a: Silhouette|Urshifu, M|100/100
|turn|9
|j| LT71LX MegaLucario
|j| exploraxx
|j| Nalorium
|j| TM
|j| gfhbdtfryhrtfh
|l|+phiwings99
|c| Luirromen|Vamos Egal
|c| Luirromen|@_@
|j| JFCope
|j| LT71LX ismail
|inactive|LT71LX EGC has 120 seconds left.
|j| Dunca
|j| LT71LXJaggermaster
|c|☆lt71lx bfl|test
|
|t:|1597363380
|switch|p2a: Urshifu|Urshifu, M|100/100
|move|p1a: Silhouette|Wicked Blow|p2a: Urshifu
|-resisted|p2a: Urshifu
|-crit|p2a: Urshifu
|-damage|p2a: Urshifu|81/100
|-damage|p1a: Silhouette|91/100|[from] item: Life Orb
|
|upkeep
|turn|10
|j| Lt71x PAPA pia
|inactive|LT71LX EGC has 120 seconds left.
|c| LT71LX MegaLucario|pense era solo yo
|c| LT71LX MegaLucario|xd
|
|t:|1597363392
|move|p1a: Silhouette|Bulk Up|p1a: Silhouette
|-boost|p1a: Silhouette|atk|1
|-boost|p1a: Silhouette|def|1
|move|p2a: Urshifu|Poison Jab|p1a: Silhouette
|-damage|p1a: Silhouette|62/100
|-damage|p2a: Urshifu|72/100|[from] item: Life Orb
|
|upkeep
|turn|11
|j| lt71lx slainey
|l| lt71lx slainey
|inactive|LT71LX EGC has 120 seconds left.
|
|t:|1597363397
|move|p1a: Silhouette|Poison Jab|p2a: Urshifu
|-damage|p2a: Urshifu|13/100
|-status|p2a: Urshifu|psn
|-damage|p1a: Silhouette|52/100|[from] item: Life Orb
|move|p2a: Urshifu|Poison Jab|p1a: Silhouette
|-damage|p1a: Silhouette|25/100
|-damage|p2a: Urshifu|3/100 psn|[from] item: Life Orb
|
|-damage|p2a: Urshifu|0 fnt|[from] psn
|faint|p2a: Urshifu
|upkeep
|
|t:|1597363402
|switch|p2a: Rillaboom|Rillaboom, M|100/100
|-fieldstart|move: Grassy Terrain|[from] ability: Grassy Surge|[of] p2a: Rillaboom
|turn|12
|inactive|lt71lx bfl has 120 seconds left.
|l|@Finchinator
|j| LYSTER
|j| melancholy hills
|l| DragonHunter994
|inactive|lt71lx bfl has 90 seconds left.
|l| adv hunger switch
|c| LYSTER|Vamovamo Bea coño
|j|+Cdumas
|
|t:|1597363467
|move|p1a: Silhouette|Sucker Punch|p2a: Rillaboom
|-damage|p2a: Rillaboom|16/100
|-damage|p1a: Silhouette|15/100|[from] item: Life Orb
|move|p2a: Rillaboom|Grassy Glide|p1a: Silhouette
|-damage|p1a: Silhouette|0 fnt
|-damage|p2a: Rillaboom|6/100|[from] item: Life Orb
|faint|p1a: Silhouette
|
|-heal|p2a: Rillaboom|12/100|[from] Grassy Terrain
|upkeep
|c| LT71LX MegaLucario|calla lysterine...
|
|t:|1597363470
|switch|p1a: Amaterasu|Volcarona, M, shiny|100/100
|turn|13
|j| RahelGamer03
|
|t:|1597363478
|move|p2a: Rillaboom|High Horsepower|p1a: Amaterasu
|-damage|p1a: Amaterasu|56/100
|-damage|p2a: Rillaboom|2/100|[from] item: Life Orb
|move|p1a: Amaterasu|Quiver Dance|p1a: Amaterasu
|-boost|p1a: Amaterasu|spa|1
|-boost|p1a: Amaterasu|spd|1
|-boost|p1a: Amaterasu|spe|1
|
|-heal|p1a: Amaterasu|62/100|[from] Grassy Terrain
|-heal|p2a: Rillaboom|8/100|[from] Grassy Terrain
|upkeep
|turn|14
|
|t:|1597363486
|move|p1a: Amaterasu|Quiver Dance|p1a: Amaterasu
|-boost|p1a: Amaterasu|spa|1
|-boost|p1a: Amaterasu|spd|1
|-boost|p1a: Amaterasu|spe|1
|move|p2a: Rillaboom|High Horsepower|p1a: Amaterasu
|-damage|p1a: Amaterasu|19/100
|-status|p2a: Rillaboom|brn|[from] ability: Flame Body|[of] p1a: Amaterasu
|-damage|p2a: Rillaboom|0 fnt|[from] item: Life Orb
|faint|p2a: Rillaboom
|
|-heal|p1a: Amaterasu|25/100|[from] Grassy Terrain
|upkeep
|
|t:|1597363488
|switch|p2a: Volcarona|Volcarona, M, shiny|100/100
|turn|15
|j| lt71lx tace
|j| jtaquille
|j| LT71LX Grandmaster
|
|t:|1597363493
|move|p1a: Amaterasu|Flamethrower|p2a: Volcarona
|-damage|p2a: Volcarona|33/100
|move|p2a: Volcarona|Quiver Dance|p2a: Volcarona
|-boost|p2a: Volcarona|spa|1
|-boost|p2a: Volcarona|spd|1
|-boost|p2a: Volcarona|spe|1
|
|-heal|p1a: Amaterasu|31/100|[from] Grassy Terrain
|-heal|p2a: Volcarona|39/100|[from] Grassy Terrain
|upkeep
|turn|16
|j| isdjhfbdkjfgbmncvb
|j| lt71lx empo
|
|t:|1597363497
|move|p1a: Amaterasu|Flamethrower|p2a: Volcarona
|-damage|p2a: Volcarona|0 fnt
|faint|p2a: Volcarona
|
|-heal|p1a: Amaterasu|37/100|[from] Grassy Terrain
|-fieldend|move: Grassy Terrain
|upkeep
|c|☆lt71lx bfl|VAMOOOOOOOOOS
|j| theoxtheo
|c| LYSTER|Biennn
|l| Rnn brexit
|-message|LT71LX EGC forfeited.
|
|win|lt71lx bfl
|l| LT71LX MegaLucario
|c| Jey2|Vamooooo
|c| Jey2|bea
|l| Justamente
|c| Jey2|coño
|l| studying in tab
|c| Jey2|🔥🔥
|c| LYSTER|Vamooos beaaa
|c| Jey2|🔥
|j| LT71LX TDNT
|l| Devil Patchy
|l| LT71LX TDNT
|l| TM
|l| Lt71x PAPA pia
|l|‽LT71LX EGC
|l| Luirromen
|l| Pidgey Gordito
|l| melancholy hills
|j| DragonHunter994
|l| Sagiri I.
|raw|lt71lx bfl's rating: 2173 &rarr; <strong>2192</strong><br />(+19 for winning)
|raw|LT71LX EGC's rating: 2154 &rarr; <strong>2135</strong><br />(-19 for losing)
|l| exploraxx
|l| curopins
|l| DragonHunter994
|c| LYSTER|Siiiiii
|l| relous
|l| lt71lx tace
