|j|☆yung_iznamakin
|j|☆SDK04
|t:|1650298005
|gametype|singles
|player|p1|yung_iznamakin|brendan-gen3|1401
|player|p2|SDK04|nate|1424
|teamsize|p1|6
|teamsize|p2|6
|gen|8
|tier|[Gen 8] OU
|rated|
|rule|Sleep Clause Mod: Limit one foe put to sleep
|rule|Species Clause: Limit one of each Pokémon
|rule|OHKO Clause: OHKO moves are banned
|rule|Evasion Moves Clause: Evasion moves are banned
|rule|Endless Battle Clause: Forcing endless battles is banned
|rule|HP Percentage Mod: HP is shown in percentages
|rule|Dynamax Clause: You cannot dynamax
|clearpoke
|poke|p1|Pelipper, M|
|poke|p1|Urshifu-*, F|
|poke|p1|Ferrothorn, M|
|poke|p1|Blissey, F|
|poke|p1|Tornadus-Therian, M|
|poke|p1|Zeraora|
|poke|p2|Ninetales-Alola, M|
|poke|p2|Arctozolt|
|poke|p2|Kommo-o, M|
|poke|p2|Tapu Lele|
|poke|p2|Slowking-Galar, F|
|poke|p2|Volcanion|
|teampreview
|
|t:|1650298018
|start
|switch|p1a: Pelipper|Pelipper, M|100/100
|switch|p2a: Icelandic Steamer|Volcanion|100/100
|-weather|RainDance|[from] ability: Drizzle|[of] p1a: Pelipper
|turn|1
|inactive|Battle timer is ON: inactive players will automatically lose when time's up. (requested by yung_iznamakin)
|
|t:|1650298023
|switch|p1a: Blissey|Blissey, F|100/100
|move|p2a: Icelandic Steamer|Steam Eruption|p1a: Blissey
|-damage|p1a: Blissey|53/100
|-status|p1a: Blissey|brn
|
|-weather|RainDance|[upkeep]
|-damage|p1a: Blissey|47/100 brn|[from] brn
|upkeep
|turn|2
|c|☆SDK04|Holy shit
|c|☆SDK04|That’s horrifying
|
|t:|1650298040
|-curestatus|p1a: Blissey|brn|[from] ability: Natural Cure
|switch|p1a: Ferrothorn|Ferrothorn, M|100/100
|move|p2a: Icelandic Steamer|Steam Eruption|p1a: Ferrothorn
|-resisted|p1a: Ferrothorn
|-damage|p1a: Ferrothorn|35/100
|
|-weather|RainDance|[upkeep]
|-heal|p1a: Ferrothorn|41/100|[from] item: Leftovers
|upkeep
|turn|3
|
|t:|1650298049
|move|p2a: Icelandic Steamer|Steam Eruption|p1a: Ferrothorn
|-resisted|p1a: Ferrothorn
|-damage|p1a: Ferrothorn|0 fnt
|faint|p1a: Ferrothorn
|
|-weather|RainDance|[upkeep]
|upkeep
|
|t:|1650298054
|switch|p1a: Urshifu|Urshifu-Rapid-Strike, F|100/100
|turn|4
|
|t:|1650298057
|move|p1a: Urshifu|U-turn|p2a: Icelandic Steamer
|-resisted|p2a: Icelandic Steamer
|-damage|p2a: Icelandic Steamer|83/100
|
|t:|1650298060
|switch|p1a: Tornadus|Tornadus-Therian, M|100/100|[from]move: U-turn
|move|p2a: Icelandic Steamer|Steam Eruption|p1a: Tornadus
|-damage|p1a: Tornadus|0 fnt
|faint|p1a: Tornadus
|
|-weather|RainDance|[upkeep]
|upkeep
|-message|yung_iznamakin forfeited.
|
|win|SDK04
|raw|yung_iznamakin's rating: 1401 &rarr; <strong>1382</strong><br />(-19 for losing)
|raw|SDK04's rating: 1424 &rarr; <strong>1443</strong><br />(+19 for winning)
|l|☆yung_iznamakin
||Ladder isn't responding, score probably updated but might not have (Request timeout).
