|j|☆brettfavreinnocent
|j|☆tyang10
|t:|1663725069
|gametype|singles
|player|p1|brettfavreinnocent|harlequin|1638
|player|p2|tyang10|gentleman-gen4dp|1606
|teamsize|p1|6
|teamsize|p2|6
|gen|8
|tier|[Gen 8] OU
|rated|
|rule|Sleep Clause Mod: Limit one foe put to sleep
|rule|Species Clause: Limit one of each Pokémon
|rule|OHKO Clause: OHKO moves are banned
|rule|Evasion Items Clause: Evasion items are banned
|rule|Evasion Moves Clause: Evasion moves are banned
|rule|Endless Battle Clause: Forcing endless battles is banned
|rule|HP Percentage Mod: HP is shown in percentages
|rule|Dynamax Clause: You cannot dynamax
|clearpoke
|poke|p1|Gengar, F|
|poke|p1|Dragapult, M|
|poke|p1|Blacephalon|
|poke|p1|Zeraora|
|poke|p1|Skarmory, F|
|poke|p1|Tyranitar, M|
|poke|p2|Hydreigon, M|
|poke|p2|Seismitoad, F|
|poke|p2|Blaziken, F|
|poke|p2|Thundurus, M|
|poke|p2|Slowbro, M|
|poke|p2|Melmetal|
|teampreview
|inactive|Battle timer is ON: inactive players will automatically lose when time's up. (requested by brettfavreinnocent)
|
|t:|1663725081
|start
|switch|p1a: Dragapult|Dragapult, M|100/100
|switch|p2a: Blaziken|Blaziken, F|100/100
|turn|1
|
|t:|1663725089
|switch|p2a: Seismitoad|Seismitoad, F|100/100
|move|p1a: Dragapult|Draco Meteor|p2a: Seismitoad
|-damage|p2a: Seismitoad|3/100
|-unboost|p1a: Dragapult|spa|2
|
|-heal|p2a: Seismitoad|9/100|[from] item: Leftovers
|upkeep
|turn|2
|
|t:|1663725099
|move|p1a: Dragapult|Draco Meteor|p2a: Seismitoad
|-damage|p2a: Seismitoad|0 fnt
|-unboost|p1a: Dragapult|spa|2
|faint|p2a: Seismitoad
|
|upkeep
|
|t:|1663725101
|switch|p2a: Blaziken|Blaziken, F|100/100
|turn|3
|
|t:|1663725112
|move|p1a: Dragapult|Draco Meteor|p2a: Blaziken
|-damage|p2a: Blaziken|51/100
|-unboost|p1a: Dragapult|spa|2
|move|p2a: Blaziken|Swords Dance|p2a: Blaziken
|-boost|p2a: Blaziken|atk|2
|
|-ability|p2a: Blaziken|Speed Boost|boost
|-boost|p2a: Blaziken|spe|1
|upkeep
|turn|4
|
|t:|1663725126
|move|p2a: Blaziken|Swords Dance|p2a: Blaziken
|-boost|p2a: Blaziken|atk|2
|move|p1a: Dragapult|Draco Meteor|p2a: Blaziken
|-crit|p2a: Blaziken
|-damage|p2a: Blaziken|0 fnt
|faint|p2a: Blaziken
|
|upkeep
|
|t:|1663725132
|switch|p2a: Hydreigon|Hydreigon, M|100/100
|turn|5
|
|t:|1663725136
|move|p1a: Dragapult|Draco Meteor|p2a: Hydreigon
|-supereffective|p2a: Hydreigon
|-damage|p2a: Hydreigon|51/100
|move|p2a: Hydreigon|Nasty Plot|p2a: Hydreigon
|-boost|p2a: Hydreigon|spa|2
|
|upkeep
|turn|6
|
|t:|1663725143
|move|p1a: Dragapult|Draco Meteor|p2a: Hydreigon
|-supereffective|p2a: Hydreigon
|-crit|p2a: Hydreigon
|-damage|p2a: Hydreigon|0 fnt
|faint|p2a: Hydreigon
|
|upkeep
|-message|tyang10 forfeited.
|
|win|brettfavreinnocent
|raw|brettfavreinnocent's rating: 1638 &rarr; <strong>1656</strong><br />(+18 for winning)
|raw|tyang10's rating: 1606 &rarr; <strong>1588</strong><br />(-18 for losing)
|l|☆tyang10
|c|☆brettfavreinnocent|gg
||Ladder isn't responding, score probably updated but might not have (Request timeout).
