|j|☆GaijinEagle
|j|☆Atrain14
|t:|1596614243
|player|p1|GaijinEagle|102|1185
|player|p2|Atrain14|102|1128
|teamsize|p1|6
|teamsize|p2|6
|gametype|singles
|gen|8
|tier|[Gen 8] OU
|rated|
|html|<div class="broadcast-blue"><strong>OU is currently suspecting Magearna! For information on how to participate check out the <a href="https://www.smogon.com/forums/threads/3667669/">suspect thread</a>.</strong></div>
|clearpoke
|poke|p1|Shuckle, M|
|poke|p1|Urshifu-*, M|
|poke|p1|Weavile, F|
|poke|p1|Alakazam, M|
|poke|p1|Cinderace, F|
|poke|p1|Conkeldurr, F|
|poke|p2|Volcarona, F|
|poke|p2|Dracozolt|
|poke|p2|Frosmoth, M|
|poke|p2|Slurpuff, M|
|poke|p2|Cinderace, F|
|poke|p2|Polteageist|
|rule|Sleep Clause Mod: Limit one foe put to sleep
|rule|Species Clause: Limit one of each Pokémon
|rule|OHKO Clause: OHKO moves are banned
|rule|Evasion Moves Clause: Evasion moves are banned
|rule|Endless Battle Clause: Forcing endless battles is banned
|rule|HP Percentage Mod: HP is shown in percentages
|rule|Dynamax Clause: You cannot dynamax
|teampreview
|inactive|Battle timer is ON: inactive players will automatically lose when time's up. (requested by GaijinEagle)
|l|☆Atrain14
|inactive|Atrain14 disconnected and has a minute to reconnect!
|player|p2|
|inactive|GaijinEagle has 120 seconds left.
|inactive|Atrain14 has 30 seconds to reconnect!
|inactive|GaijinEagle has 90 seconds left.
|inactive|Atrain14 has 20 seconds to reconnect!
|inactive|Atrain14 has 15 seconds to reconnect!
|inactive|Atrain14 has 10 seconds to reconnect!
|inactive|Atrain14 has 5 seconds to reconnect!
|j|☆Atrain14
|inactive|Atrain14 reconnected and has 70 seconds left.
|player|p2|Atrain14|102
|inactive|GaijinEagle has 60 seconds left.
|inactive|GaijinEagle has 30 seconds left.
|inactive|GaijinEagle has 20 seconds left.
|inactive|GaijinEagle has 15 seconds left.
|inactiveoff|Battle timer is now OFF.
|
|t:|1596614384
|start
|switch|p1a: Shuckle|Shuckle, M|100/100
|switch|p2a: Cinderace|Cinderace, F|100/100
|turn|1
|l|☆Atrain14
|player|p2|
|inactive|Battle timer is ON: inactive players will automatically lose when time's up. (requested by GaijinEagle)
|inactive|Atrain14 has 30 seconds to reconnect!
|inactive|Atrain14 has 20 seconds to reconnect!
|inactive|Atrain14 has 15 seconds to reconnect!
|inactive|Atrain14 has 10 seconds to reconnect!
|inactive|Atrain14 has 5 seconds to reconnect!
|-message|Atrain14 lost due to inactivity.
|
|win|GaijinEagle
|raw|GaijinEagle's rating: 1185 &rarr; <strong>1206</strong><br />(+21 for winning)
|raw|Atrain14's rating: 1128 &rarr; <strong>1107</strong><br />(-21 for losing)
