|j|☆LT82ZW Vaw
|j|☆ItsFede
|t:|1626111801
|gametype|singles
|player|p1|LT82ZW Vaw|101|1000
|player|p2|ItsFede|266|1000
|teamsize|p1|6
|teamsize|p2|6
|gen|8
|tier|[Gen 8] OU
|rated|
|rule|Sleep Clause Mod: Limit one foe put to sleep
|rule|Species Clause: Limit one of each Pokémon
|rule|OHKO Clause: OHKO moves are banned
|rule|Evasion Moves Clause: Evasion moves are banned
|rule|Endless Battle Clause: Forcing endless battles is banned
|rule|HP Percentage Mod: HP is shown in percentages
|rule|Dynamax Clause: You cannot dynamax
|clearpoke
|poke|p1|Bisharp, F|
|poke|p1|Cloyster, M|
|poke|p1|Garchomp, M|
|poke|p1|Hawlucha, F|
|poke|p1|Skarmory, F|
|poke|p1|Volcarona, F|
|poke|p2|Gardevoir, F|
|poke|p2|Entei|
|poke|p2|Milotic, F|
|poke|p2|Landorus-Therian, M|
|poke|p2|Mandibuzz, F|
|poke|p2|Latios, M|
|teampreview
|l|☆LT82ZW Vaw
|player|p1|
|j|☆LT82ZW Vaw
|player|p1|LT82ZW Vaw|101
|c|☆LT82ZW Vaw|oh cmon
|c|☆LT82ZW Vaw|wtf is going on
|c|☆ItsFede|don't know
|inactive|Battle timer is ON: inactive players will automatically lose when time's up. (requested by LT82ZW Vaw)
|
|t:|1626111858
|start
|switch|p1a: Skarmory|Skarmory, F|100/100
|switch|p2a: Milotic|Milotic, F|100/100
|turn|1
|c|☆LT82ZW Vaw|i'm 1500 ladder
|c|☆LT82ZW Vaw|why do I'm fighting you
|c|☆LT82ZW Vaw|wtf
|inactive|LT82ZW Vaw has 120 seconds left.
|
|t:|1626111897
|move|p1a: Skarmory|Stealth Rock|p2a: Milotic
|-sidestart|p2: ItsFede|move: Stealth Rock
|move|p2a: Milotic|Scald|p1a: Skarmory
|-damage|p1a: Skarmory|54/100
|-status|p1a: Skarmory|brn
|
|-damage|p1a: Skarmory|48/100 brn|[from] brn
|upkeep
|turn|2
|
|t:|1626111911
|move|p1a: Skarmory|Spikes|p2a: Milotic
|-sidestart|p2: ItsFede|Spikes
|move|p2a: Milotic|Scald|p1a: Skarmory
|-damage|p1a: Skarmory|3/100 brn
|
|-damage|p1a: Skarmory|0 fnt|[from] brn
|faint|p1a: Skarmory
|upkeep
|inactive|LT82ZW Vaw has 120 seconds left.
|
|t:|1626111924
|switch|p1a: Bisharp|Bisharp, F|100/100
|turn|3
|
|t:|1626111933
|switch|p2a: Landorus|Landorus-Therian, M|100/100
|-damage|p2a: Landorus|88/100|[from] Stealth Rock
|-ability|p2a: Landorus|Intimidate|boost
|-unboost|p1a: Bisharp|atk|1
|-ability|p1a: Bisharp|Defiant
|-boost|p1a: Bisharp|atk|2
|move|p1a: Bisharp|Swords Dance|p1a: Bisharp
|-boost|p1a: Bisharp|atk|2
|
|-heal|p2a: Landorus|94/100|[from] item: Leftovers
|upkeep
|turn|4
|inactive|LT82ZW Vaw has 120 seconds left.
|-message|ItsFede forfeited.
|
|win|LT82ZW Vaw
|l|☆ItsFede
|raw|LT82ZW Vaw's rating: 1562 &rarr; <strong>1566</strong><br />(+4 for winning)
|raw|ItsFede's rating: 1169 &rarr; <strong>1164</strong><br />(-5 for losing)
||Ladder isn't responding, score probably updated but might not have (Request timeout).
|j| Time kekker
