|j|☆Jakerocks73
|j|☆2(H2O)-Alt
|t:|1655341495
|gametype|singles
|player|p1|Jakerocks73|pokekid|1743
|player|p2|2(H2O)-Alt|lady|1764
|teamsize|p1|6
|teamsize|p2|6
|gen|8
|tier|[Gen 8] OU
|rated|
|rule|Sleep Clause Mod: Limit one foe put to sleep
|rule|Species Clause: Limit one of each Pokémon
|rule|OHKO Clause: OHKO moves are banned
|rule|Evasion Moves Clause: Evasion moves are banned
|rule|Endless Battle Clause: Forcing endless battles is banned
|rule|HP Percentage Mod: HP is shown in percentages
|rule|Dynamax Clause: You cannot dynamax
|clearpoke
|poke|p1|Dragonite, F|
|poke|p1|Tapu Lele|
|poke|p1|Rotom-Wash|
|poke|p1|Kartana|
|poke|p1|Landorus-Therian, M|
|poke|p1|Melmetal|
|poke|p2|Hatterene, F|
|poke|p2|Melmetal|
|poke|p2|Marowak-Alola, F|
|poke|p2|Crawdaunt, M|
|poke|p2|Porygon2|
|poke|p2|Cresselia, F|
|teampreview
|inactive|Battle timer is ON: inactive players will automatically lose when time's up. (requested by 2(H2O)-Alt)
|
|t:|1655341515
|start
|switch|p1a: Landorus|Landorus-Therian, M|100/100
|switch|p2a: Marowak|Marowak-Alola, F|100/100
|-ability|p1a: Landorus|Intimidate|boost
|-unboost|p2a: Marowak|atk|1
|turn|1
|
|t:|1655341520
|switch|p2a: Hatterene|Hatterene, F|100/100
|move|p1a: Landorus|Knock Off|p2a: Hatterene
|-damage|p2a: Hatterene|55/100
|-enditem|p2a: Hatterene|Focus Sash|[from] move: Knock Off|[of] p1a: Landorus
|
|upkeep
|turn|2
|
|t:|1655341524
|move|p1a: Landorus|Earthquake|p2a: Hatterene
|-damage|p2a: Hatterene|0 fnt
|faint|p2a: Hatterene
|
|upkeep
|-message|2(H2O)-Alt forfeited.
|
|win|Jakerocks73
|raw|Jakerocks73's rating: 1743 &rarr; <strong>1764</strong><br />(+21 for winning)
|raw|2(H2O)-Alt's rating: 1764 &rarr; <strong>1743</strong><br />(-21 for losing)
|l|☆2(H2O)-Alt
