|j|☆shadymantle
|j|☆ferromolybdenum
|player|p1|shadymantle|170|
|player|p2|ferromolybdenum|lucas|
|teamsize|p1|1
|teamsize|p2|6
|gametype|singles
|gen|8
|tier|[Gen 8] OU
|clearpoke
|poke|p1|Kommo-o, M|
|poke|p2|Hydreigon, M|
|poke|p2|Dragapult, F|
|poke|p2|Clefable, M|
|poke|p2|Corviknight, F|
|poke|p2|Zeraora|
|poke|p2|Seismitoad, M|
|rule|Sleep Clause Mod: Limit one foe put to sleep
|rule|Species Clause: Limit one of each Pokémon
|rule|OHKO Clause: OHKO moves are banned
|rule|Evasion Moves Clause: Evasion moves are banned
|rule|Endless Battle Clause: Forcing endless battles is banned
|rule|HP Percentage Mod: HP is shown in percentages
|rule|Dynamax Clause: You cannot dynamax
|teampreview
|
|start
|switch|p1a: Kommo-o|Kommo-o, M|100/100
|switch|p2a: Clefable|Clefable, M|100/100
|turn|1
|
|move|p1a: Kommo-o|Boomburst|p2a: Clefable
|-damage|p2a: Clefable|68/100
|move|p2a: Clefable|Moonblast|p1a: Kommo-o
|-supereffective|p1a: Kommo-o
|-damage|p1a: Kommo-o|0 fnt
|faint|p1a: Kommo-o
|
|win|ferromolybdenum
|c|☆ferromolybdenum|see
|l|☆shadymantle
