|j|☆Oryen
|j|☆manjaloid
|inactive|Battle timer is ON: inactive players will automatically lose when time's up.
|t:|1654645068
|gametype|singles
|player|p1|Oryen|bruno-gen1|
|player|p2|manjaloid|2|
|teamsize|p1|2
|teamsize|p2|2
|gen|8
|tier|[Gen 8] OU
|rated|Tournament battle
|rule|Sleep Clause Mod: Limit one foe put to sleep
|rule|Species Clause: Limit one of each Pokémon
|rule|OHKO Clause: OHKO moves are banned
|rule|Evasion Moves Clause: Evasion moves are banned
|rule|Endless Battle Clause: Forcing endless battles is banned
|rule|HP Percentage Mod: HP is shown in percentages
|rule|Dynamax Clause: You cannot dynamax
|clearpoke
|poke|p1|Dubwool, M|
|poke|p1|Lampent, F|
|poke|p2|Cofagrigus, M|
|poke|p2|Shellder, M|
|teampreview
|j|*Lady Monita ✿
|
|t:|1654645078
|start
|switch|p1a: Lampent|Lampent, F|100/100
|switch|p2a: Cofagrigus|Cofagrigus, M|100/100
|turn|1
|j| Nitrobinet
|j| magnoliaflowerz
|l| magnoliaflowerz
|
|t:|1654645100
|switch|p2a: Shellder|Shellder, M|100/100
|move|p1a: Lampent|Shadow Ball|p2a: Shellder
|-damage|p2a: Shellder|0 fnt
|faint|p2a: Shellder
|
|upkeep
|j| mf_salvador
|c|☆manjaloid|Jesus
|
|t:|1654645111
|switch|p2a: Cofagrigus|Cofagrigus, M|100/100
|turn|2
|j| MurderIt
|c|☆manjaloid|Gg
|c| mf_salvador|always sash the shell smash
|inactive|manjaloid has 120 seconds left.
|c|☆Oryen|^^^
|c|☆manjaloid|I only have a fighting move
|
|t:|1654645139
|move|p1a: Lampent|Shadow Ball|p2a: Cofagrigus
|-supereffective|p2a: Cofagrigus
|-damage|p2a: Cofagrigus|25/100
|-unboost|p2a: Cofagrigus|spd|1
|move|p2a: Cofagrigus|Rest|p2a: Cofagrigus
|-status|p2a: Cofagrigus|slp|[from] move: Rest
|-heal|p2a: Cofagrigus|100/100 slp|[silent]
|-enditem|p2a: Cofagrigus|Chesto Berry|[eat]
|-curestatus|p2a: Cofagrigus|slp|[msg]
|
|upkeep
|turn|3
|c|☆Oryen|f
|
|t:|1654645145
|move|p1a: Lampent|Shadow Ball|p2a: Cofagrigus
|-supereffective|p2a: Cofagrigus
|-damage|p2a: Cofagrigus|0 fnt
|faint|p2a: Cofagrigus
|
|win|Oryen
|n|☆Oryen|oryen
|n|☆manjaloid|manjaloid
|n|*Lady Monita ✿|ladymonita
|n| Nitrobinet|nitrobinet
|n| mf_salvador|mfsalvador
|n| MurderIt|murderit
