|j|☆knexhawk2
|j|☆jmainejj97◼_◼~
|inactive|Battle timer is ON: inactive players will automatically lose when time's up.
|t:|1667587544
|gametype|singles
|player|p1|knexhawk2|red-masters|
|player|p2|jmainejj97◼_◼~|youngster-gen4dp|
|teamsize|p1|6
|teamsize|p2|6
|gen|8
|tier|[Gen 8] OU
|rated|Tournament battle
|rule|Sleep Clause Mod: Limit one foe put to sleep
|rule|Species Clause: Limit one of each Pokémon
|rule|OHKO Clause: OHKO moves are banned
|rule|Evasion Items Clause: Evasion items are banned
|rule|Evasion Moves Clause: Evasion moves are banned
|rule|Endless Battle Clause: Forcing endless battles is banned
|rule|HP Percentage Mod: HP is shown in percentages
|rule|Dynamax Clause: You cannot dynamax
|clearpoke
|poke|p1|Gyarados, F|
|poke|p1|Zygarde-10%|
|poke|p1|Azelf|
|poke|p1|Mienshao, F|
|poke|p1|Crobat, M|
|poke|p1|Steelix, F|
|poke|p2|Salamence, F|
|poke|p2|Raikou|
|poke|p2|Mienshao, F|
|poke|p2|Krookodile, M|
|poke|p2|Orbeetle, F|
|poke|p2|Weezing-Galar, F|
|teampreview
|j| cypherstest
|c|☆jmainejj97◼_◼~|oh
|c|☆jmainejj97◼_◼~|azelf
|j|@moondazing
|c|☆jmainejj97◼_◼~|!dt azelf, gen 7
|raw|<div class="message"><ul class="utilichart"><li class="result"><span class="col numcol">UU</span> <span class="col iconcol"><psicon pokemon="azelf"/></span> <span class="col pokemonnamecol" style="white-space:nowrap"><a href="https://dex.pokemonshowdown.com/pokemon/azelf" target="_blank">Azelf</a></span> <span class="col typecol"><img src="https://play.pokemonshowdown.com/sprites/types/Psychic.png" alt="Psychic" height="14" width="32"></span> <span style="float:left;min-height:26px"><span class="col abilitycol">Levitate</span><span class="col abilitycol"></span></span><span style="float:left;min-height:26px"><span class="col statcol"><em>HP</em><br />75</span> <span class="col statcol"><em>Atk</em><br />125</span> <span class="col statcol"><em>Def</em><br />70</span> <span class="col statcol"><em>SpA</em><br />125</span> <span class="col statcol"><em>SpD</em><br />70</span> <span class="col statcol"><em>Spe</em><br />115</span> <span class="col bstcol"><em>BST<br />580</em></span> </span></li><li style="clear:both"></li></ul></div>
|raw|<font size="1"><font color="#686868">Dex#:</font> 482&nbsp;|&ThickSpace;<font color="#686868">Gen:</font> 4&nbsp;|&ThickSpace;<font color="#686868">Height:</font> 0.3 m&nbsp;|&ThickSpace;<font color="#686868">Weight:</font> 0.3 kg <em>(20 BP)</em>&nbsp;|&ThickSpace;<font color="#686868">Dex Colour:</font> Blue&nbsp;|&ThickSpace;<font color="#686868">Egg Group(s):</font> Undiscovered&nbsp;|&ThickSpace;<font color="#686868">Does Not Evolve</font></font>

|inactive|knexhawk2 has 120 seconds left.
|inactive|jmainejj97◼_◼~ has 120 seconds left.
|c|☆knexhawk2|he is Scary
|j|@SetsuStsna
|c|☆knexhawk2|wtf salamence isnt on the vr
|j| natdexfunnn
|c|☆knexhawk2|thats whild
|j| Aftx
|
|t:|1667587593
|start
|switch|p1a: Azelf|Azelf|100/100
|switch|p2a: Salamence|Salamence, F|100/100
|-ability|p2a: Salamence|Intimidate|boost
|-unboost|p1a: Azelf|atk|1
|turn|1
|j| Unviabriel
|j| ArianaBlonde
|j| monobrazil
|j| apparition affair
|
|t:|1667587619
|move|p1a: Azelf|Explosion|p2a: Salamence
|-damage|p2a: Salamence|22/100
|faint|p1a: Azelf
|move|p2a: Salamence|Dual Wingbeat|p1: Azelf|[notarget]
|-fail|p2a: Salamence
|
|upkeep
|c|☆jmainejj97◼_◼~|salamence is bad mon
|j| Stads
|c|☆knexhawk2|hes defensive :C
|l| Stads
|inactive|knexhawk2 has 120 seconds left.
|
|t:|1667587629
|switch|p1a: Mienshao|Mienshao, F|100/100
|turn|2
|
|t:|1667587634
|switch|p2a: Weezing|Weezing-Galar, F|100/100
|move|p1a: Mienshao|Stone Edge|p2a: Weezing
|-damage|p2a: Weezing|67/100
|
|-heal|p2a: Weezing|73/100|[from] item: Black Sludge
|upkeep
|turn|3
|
|t:|1667587641
|switch|p1a: Gyarados|Gyarados, F|100/100
|-ability|p1a: Gyarados|Intimidate|boost
|-unboost|p2a: Weezing|atk|1
|move|p2a: Weezing|Toxic Spikes|p1a: Gyarados
|-sidestart|p1: knexhawk2|move: Toxic Spikes
|
|-heal|p2a: Weezing|79/100|[from] item: Black Sludge
|upkeep
|turn|4
|j| iqpweqorhqrowipe1
|
|t:|1667587644
|move|p1a: Gyarados|Dragon Dance|p1a: Gyarados
|-boost|p1a: Gyarados|atk|1
|-boost|p1a: Gyarados|spe|1
|move|p2a: Weezing|Will-O-Wisp|p1a: Gyarados
|-status|p1a: Gyarados|brn
|
|-heal|p2a: Weezing|85/100|[from] item: Black Sludge
|-damage|p1a: Gyarados|94/100 brn|[from] brn
|upkeep
|turn|5
|
|t:|1667587647
|switch|p2a: Orbeetle|Orbeetle, F|100/100
|-item|p1a: Gyarados|Heavy-Duty Boots|[from] ability: Frisk|[of] p2a: Orbeetle|[identify]
|move|p1a: Gyarados|Dragon Dance|p1a: Gyarados
|-boost|p1a: Gyarados|atk|1
|-boost|p1a: Gyarados|spe|1
|
|-damage|p1a: Gyarados|88/100 brn|[from] brn
|upkeep
|turn|6
|
|t:|1667587653
|move|p1a: Gyarados|Dragon Dance|p1a: Gyarados
|-boost|p1a: Gyarados|atk|1
|-boost|p1a: Gyarados|spe|1
|move|p2a: Orbeetle|Iron Defense|p2a: Orbeetle
|-boost|p2a: Orbeetle|def|2
|
|-damage|p1a: Gyarados|82/100 brn|[from] brn
|upkeep
|turn|7
|
|t:|1667587658
|move|p1a: Gyarados|Rest|p1a: Gyarados
|-status|p1a: Gyarados|slp|[from] move: Rest
|-heal|p1a: Gyarados|100/100 slp|[silent]
|move|p2a: Orbeetle|Iron Defense|p2a: Orbeetle
|-boost|p2a: Orbeetle|def|2
|
|upkeep
|turn|8
|
|t:|1667587661
|cant|p1a: Gyarados|slp
|move|p1a: Gyarados|Sleep Talk|p1a: Gyarados
|move|p1a: Gyarados|Waterfall|p2a: Orbeetle|[from]move: Sleep Talk
|-damage|p2a: Orbeetle|75/100
|move|p2a: Orbeetle|Substitute|p2a: Orbeetle
|-start|p2a: Orbeetle|Substitute
|-damage|p2a: Orbeetle|50/100
|
|-heal|p2a: Orbeetle|57/100|[from] item: Leftovers
|upkeep
|turn|9
|
|t:|1667587668
|cant|p1a: Gyarados|slp
|move|p1a: Gyarados|Sleep Talk|p1a: Gyarados
|move|p1a: Gyarados|Rest||[from]move: Sleep Talk|[still]
|-fail|p1a: Gyarados
|move|p2a: Orbeetle|Iron Defense|p2a: Orbeetle
|-boost|p2a: Orbeetle|def|2
|
|-heal|p2a: Orbeetle|63/100|[from] item: Leftovers
|upkeep
|turn|10
|j| liquidocelot
|j| testingteams888
|
|t:|1667587672
|-curestatus|p1a: Gyarados|slp|[msg]
|move|p1a: Gyarados|Dragon Dance|p1a: Gyarados
|-boost|p1a: Gyarados|atk|1
|-boost|p1a: Gyarados|spe|1
|move|p2a: Orbeetle|Body Press|p1a: Gyarados
|-resisted|p1a: Gyarados
|-damage|p1a: Gyarados|58/100
|
|-heal|p2a: Orbeetle|69/100|[from] item: Leftovers
|upkeep
|turn|11
|j| Mikirae69
|
|t:|1667587676
|move|p1a: Gyarados|Dragon Dance|p1a: Gyarados
|-boost|p1a: Gyarados|atk|1
|-boost|p1a: Gyarados|spe|1
|move|p2a: Orbeetle|Body Press|p1a: Gyarados
|-resisted|p1a: Gyarados
|-damage|p1a: Gyarados|19/100
|
|-heal|p2a: Orbeetle|75/100|[from] item: Leftovers
|upkeep
|turn|12
|
|t:|1667587679
|move|p1a: Gyarados|Rest|p1a: Gyarados
|-status|p1a: Gyarados|slp|[from] move: Rest
|-heal|p1a: Gyarados|100/100 slp|[silent]
|move|p2a: Orbeetle|Body Press|p1a: Gyarados
|-resisted|p1a: Gyarados
|-damage|p1a: Gyarados|58/100 slp
|
|-heal|p2a: Orbeetle|81/100|[from] item: Leftovers
|upkeep
|turn|13
|
|t:|1667587681
|cant|p1a: Gyarados|slp
|move|p1a: Gyarados|Sleep Talk|p1a: Gyarados
|move|p1a: Gyarados|Rest||[from]move: Sleep Talk|[still]
|-fail|p1a: Gyarados
|move|p2a: Orbeetle|Body Press|p1a: Gyarados
|-resisted|p1a: Gyarados
|-damage|p1a: Gyarados|18/100 slp
|
|-heal|p2a: Orbeetle|87/100|[from] item: Leftovers
|upkeep
|turn|14
|c|☆knexhawk2|gg lol
|
|t:|1667587685
|cant|p1a: Gyarados|slp
|move|p1a: Gyarados|Sleep Talk|p1a: Gyarados
|move|p1a: Gyarados|Rest||[from]move: Sleep Talk|[still]
|-fail|p1a: Gyarados
|move|p2a: Orbeetle|Body Press|p1a: Gyarados
|-resisted|p1a: Gyarados
|-damage|p1a: Gyarados|0 fnt
|faint|p1a: Gyarados
|
|-heal|p2a: Orbeetle|94/100|[from] item: Leftovers
|upkeep
|
|t:|1667587689
|switch|p1a: Crobat|Crobat, M|100/100
|turn|15
|c|☆jmainejj97◼_◼~|this went crazy last game
|
|t:|1667587697
|move|p1a: Crobat|Poison Fang|p2a: Orbeetle
|-damage|p2a: Orbeetle|90/100
|move|p2a: Orbeetle|Body Press|p1a: Crobat
|-resisted|p1a: Crobat
|-damage|p1a: Crobat|83/100
|
|-heal|p2a: Orbeetle|96/100|[from] item: Leftovers
|upkeep
|turn|16
|c|☆knexhawk2|yeah ive just faces ru/nu teams the whole time
|c|☆knexhawk2|so
|j| IIIodyne
|j|+sufys12
|
|t:|1667587712
|switch|p2a: Weezing|Weezing-Galar, F|85/100
|move|p1a: Crobat|Super Fang|p2a: Weezing
|-damage|p2a: Weezing|43/100
|
|-heal|p2a: Weezing|49/100|[from] item: Black Sludge
|upkeep
|turn|17
|j| McFanOfFun1
|
|t:|1667587724
|move|p1a: Crobat|U-turn|p2a: Weezing
|-resisted|p2a: Weezing
|-damage|p2a: Weezing|47/100
|
|t:|1667587724
|switch|p1a: Zygarde|Zygarde-10%|100/100|[from]move: U-turn
|-status|p1a: Zygarde|psn
|-ability|p1a: Zygarde|Aura Break
|move|p2a: Weezing|Will-O-Wisp||[still]
|-fail|p2a: Weezing
|
|-heal|p2a: Weezing|53/100|[from] item: Black Sludge
|-damage|p1a: Zygarde|88/100 psn|[from] psn
|upkeep
|turn|18
|c|☆jmainejj97◼_◼~|yeah most people were running ru
|c|☆jmainejj97◼_◼~|or nu
|c|☆knexhawk2|yeah thats fucking boring
|
|t:|1667587740
|switch|p2a: Salamence|Salamence, F|22/100
|-ability|p2a: Salamence|Intimidate|boost
|-unboost|p1a: Zygarde|atk|1
|move|p1a: Zygarde|Coil|p1a: Zygarde
|-boost|p1a: Zygarde|atk|1
|-boost|p1a: Zygarde|def|1
|-boost|p1a: Zygarde|accuracy|1
|
|-heal|p1a: Zygarde|94/100 psn|[from] item: Leftovers
|-damage|p1a: Zygarde|82/100 psn|[from] psn
|upkeep
|turn|19
|l| McFanOfFun1
|l| IIIodyne
|c|☆knexhawk2|this is the first mienshao ive seen too
|l| testingteams888
|
|t:|1667587753
|move|p1a: Zygarde|Thousand Arrows|p2a: Salamence
|-damage|p2a: Salamence|0 fnt
|faint|p2a: Salamence
|
|-heal|p1a: Zygarde|88/100 psn|[from] item: Leftovers
|-damage|p1a: Zygarde|75/100 psn|[from] psn
|upkeep
|
|t:|1667587759
|switch|p2a: Krookodile|Krookodile, M|100/100
|-ability|p2a: Krookodile|Intimidate|boost
|-unboost|p1a: Zygarde|atk|1
|turn|20
|l| Aftx
|c|☆jmainejj97◼_◼~|no one was really trying to build a team
|
|t:|1667587772
|switch|p1a: Crobat|Crobat, M|83/100
|move|p2a: Krookodile|Earthquake|p1a: Crobat
|-immune|p1a: Crobat
|
|upkeep
|turn|21
|
|t:|1667587775
|switch|p2a: Raikou|Raikou|100/100
|move|p1a: Crobat|U-turn|p2a: Raikou
|-damage|p2a: Raikou|82/100
|c|☆knexhawk2|thats super lame
|c| iqpweqorhqrowipe1|i was about to use my pu team ngl but then 2 players in  a row didnt start
|c|☆knexhawk2|these tours would be more fun if people actually tried
|
|t:|1667587798
|switch|p1a: Steelix|Steelix, F|100/100|[from]move: U-turn
|
|upkeep
|turn|22
|l| ArianaBlonde
|
|t:|1667587815
|switch|p2a: Mienshao|Mienshao, F|100/100
|move|p1a: Steelix|Stealth Rock|p2a: Mienshao
|-sidestart|p2: jmainejj97◼_◼~|move: Stealth Rock
|
|upkeep
|turn|23
|c|☆knexhawk2|!learn orbeetle, stored power
|c| knexhawk2|/raw <div class="infobox">In [Gen 8] OU, Orbeetle <span class="message-learn-canlearn">can</span> learn Stored Power from:<ul class="message-learn-list"><li>anywhere (move is level-up/tutor/TM/HM/egg in Gen 8)</ul></div>
|c|☆knexhawk2|lmao i insta lost if you had this
|j| someidiot19
|
|t:|1667587826
|move|p2a: Mienshao|Close Combat|p1a: Steelix
|-supereffective|p1a: Steelix
|-damage|p1a: Steelix|21/100
|-unboost|p2a: Mienshao|def|1
|-unboost|p2a: Mienshao|spd|1
|-damage|p2a: Mienshao|91/100|[from] item: Life Orb
|move|p1a: Steelix|Iron Head|p2a: Mienshao
|-damage|p2a: Mienshao|6/100
|
|-heal|p1a: Steelix|27/100|[from] item: Leftovers
|upkeep
|turn|24
|l| apparition affair
|c|☆jmainejj97◼_◼~|yeah, but i'm scared of good dark types
|
|t:|1667587839
|switch|p2a: Krookodile|Krookodile, M|100/100
|-damage|p2a: Krookodile|95/100|[from] Stealth Rock
|-ability|p2a: Krookodile|Intimidate|boost
|-unboost|p1a: Steelix|atk|1
|switch|p1a: Crobat|Crobat, M|83/100
|
|-heal|p2a: Krookodile|100/100|[from] item: Leftovers
|upkeep
|turn|25
|c|☆knexhawk2|i should of ran iron tail
|
|t:|1667587847
|move|p1a: Crobat|Defog|p2a: Krookodile
|-unboost|p2a: Krookodile|evasion|1
|-sideend|p2: jmainejj97◼_◼~|Stealth Rock|[from] move: Defog|[of] p1a: Crobat
|-sideend|p1: knexhawk2|Toxic Spikes|[from] move: Defog|[of] p1a: Crobat
|move|p2a: Krookodile|Stealth Rock|p1a: Crobat
|-sidestart|p1: knexhawk2|move: Stealth Rock
|
|upkeep
|turn|26
|
|t:|1667587852
|switch|p2a: Raikou|Raikou|82/100
|move|p1a: Crobat|U-turn|p2a: Raikou
|-damage|p2a: Raikou|62/100
|l| liquidocelot
|
|t:|1667587856
|switch|p1a: Zygarde|Zygarde-10%|75/100 psn|[from]move: U-turn
|-damage|p1a: Zygarde|69/100 psn|[from] Stealth Rock
|-ability|p1a: Zygarde|Aura Break
|
|-heal|p1a: Zygarde|75/100 psn|[from] item: Leftovers
|-damage|p1a: Zygarde|63/100 psn|[from] psn
|upkeep
|turn|27
|
|t:|1667587860
|switch|p2a: Krookodile|Krookodile, M|100/100
|-ability|p2a: Krookodile|Intimidate|boost
|-unboost|p1a: Zygarde|atk|1
|move|p1a: Zygarde|Thousand Arrows|p2a: Krookodile
|-damage|p2a: Krookodile|76/100
|
|-heal|p1a: Zygarde|69/100 psn|[from] item: Leftovers
|-heal|p2a: Krookodile|82/100|[from] item: Leftovers
|-damage|p1a: Zygarde|56/100 psn|[from] psn
|upkeep
|turn|28
|
|t:|1667587866
|move|p1a: Zygarde|Glare|p2a: Krookodile
|-status|p2a: Krookodile|par
|move|p2a: Krookodile|Knock Off|p1a: Zygarde
|-damage|p1a: Zygarde|0 fnt
|-enditem|p1a: Zygarde|Leftovers|[from] move: Knock Off|[of] p2a: Krookodile
|faint|p1a: Zygarde
|
|-heal|p2a: Krookodile|88/100 par|[from] item: Leftovers
|upkeep
|c|☆knexhawk2|wtf do u mean good darks
|c|☆knexhawk2|its just krook
|
|t:|1667587874
|switch|p1a: Mienshao|Mienshao, F|100/100
|-damage|p1a: Mienshao|95/100|[from] Stealth Rock
|turn|29
|c| iqpweqorhqrowipe1|eviolite zweilous is pretty tanky
|l|+sufys12
|c|☆jmainejj97◼_◼~|oh, crawdaunt is banned lmao
|c|☆knexhawk2|!dt zwelous
No Pokémon, item, move, ability or nature named 'zwelous' was found. Showing the data of 'Zweilous' instead.
|raw|<div class="message"><ul class="utilichart"><li class="result"><span class="col numcol">NFE</span> <span class="col iconcol"><psicon pokemon="zweilous"/></span> <span class="col pokemonnamecol" style="white-space:nowrap"><a href="https://dex.pokemonshowdown.com/pokemon/zweilous" target="_blank">Zweilous</a></span> <span class="col typecol"><img src="https://play.pokemonshowdown.com/sprites/types/Dark.png" alt="Dark" height="14" width="32"><img src="https://play.pokemonshowdown.com/sprites/types/Dragon.png" alt="Dragon" height="14" width="32"></span> <span style="float:left;min-height:26px"><span class="col abilitycol">Hustle</span><span class="col abilitycol"></span></span><span style="float:left;min-height:26px"><span class="col statcol"><em>HP</em><br />72</span> <span class="col statcol"><em>Atk</em><br />85</span> <span class="col statcol"><em>Def</em><br />70</span> <span class="col statcol"><em>SpA</em><br />65</span> <span class="col statcol"><em>SpD</em><br />70</span> <span class="col statcol"><em>Spe</em><br />58</span> <span class="col bstcol"><em>BST<br />420</em></span> </span></li><li style="clear:both"></li></ul></div>
|raw|<font size="1"><font color="#686868">Dex#:</font> 634&nbsp;|&ThickSpace;<font color="#686868">Gen:</font> 5&nbsp;|&ThickSpace;<font color="#686868">Height:</font> 1.4 m&nbsp;|&ThickSpace;<font color="#686868">Weight:</font> 50 kg <em>(80 BP)</em>&nbsp;|&ThickSpace;<font color="#686868">Dex Colour:</font> Blue&nbsp;|&ThickSpace;<font color="#686868">Egg Group(s):</font> Dragon&nbsp;|&ThickSpace;<font color="#686868">Evolution:</font> Hydreigon (64)</font>

|c|☆knexhawk2|lmao not really
|l| someidiot19
|c|@SetsuStsna|Mom can we have good darks? We have good darks at home sweetie. Good darks at home:
|inactive|jmainejj97◼_◼~ has 120 seconds left.
|c|☆jmainejj97◼_◼~|!dt sharpedo
|raw|<div class="message"><ul class="utilichart"><li class="result"><span class="col numcol">RU</span> <span class="col iconcol"><psicon pokemon="sharpedo"/></span> <span class="col pokemonnamecol" style="white-space:nowrap"><a href="https://dex.pokemonshowdown.com/pokemon/sharpedo" target="_blank">Sharpedo</a></span> <span class="col typecol"><img src="https://play.pokemonshowdown.com/sprites/types/Water.png" alt="Water" height="14" width="32"><img src="https://play.pokemonshowdown.com/sprites/types/Dark.png" alt="Dark" height="14" width="32"></span> <span style="float:left;min-height:26px"><span class="col abilitycol">Rough Skin</span><span class="col abilitycol"><em>Speed Boost</em></span></span><span style="float:left;min-height:26px"><span class="col statcol"><em>HP</em><br />70</span> <span class="col statcol"><em>Atk</em><br />120</span> <span class="col statcol"><em>Def</em><br />40</span> <span class="col statcol"><em>SpA</em><br />95</span> <span class="col statcol"><em>SpD</em><br />40</span> <span class="col statcol"><em>Spe</em><br />95</span> <span class="col bstcol"><em>BST<br />460</em></span> </span></li><li style="clear:both"></li></ul></div>
|raw|<font size="1"><font color="#686868">Dex#:</font> 319&nbsp;|&ThickSpace;<font color="#686868">Gen:</font> 3&nbsp;|&ThickSpace;<font color="#686868">Height:</font> 1.8 m&nbsp;|&ThickSpace;<font color="#686868">Weight:</font> 88.8 kg <em>(80 BP)</em>&nbsp;|&ThickSpace;<font color="#686868">Dex Colour:</font> Blue&nbsp;|&ThickSpace;<font color="#686868">Egg Group(s):</font> Water 2&nbsp;|&ThickSpace;<font color="#686868">Does Not Evolve</font></font>

|c|☆knexhawk2|i guess theres incinerorar
|
|t:|1667587910
|switch|p2a: Weezing|Weezing-Galar, F|53/100
|move|p1a: Mienshao|U-turn|p2a: Weezing
|-resisted|p2a: Weezing
|-damage|p2a: Weezing|47/100
|c| iqpweqorhqrowipe1|40 def and spdf lol
|
|t:|1667587914
|switch|p1a: Steelix|Steelix, F|27/100|[from]move: U-turn
|-damage|p1a: Steelix|24/100|[from] Stealth Rock
|
|-heal|p2a: Weezing|53/100|[from] item: Black Sludge
|-heal|p1a: Steelix|30/100|[from] item: Leftovers
|upkeep
|turn|30
|inactive|jmainejj97◼_◼~ has 120 seconds left.
|
|t:|1667587933
|switch|p2a: Krookodile|Krookodile, M|88/100 par
|-ability|p2a: Krookodile|Intimidate|boost
|-unboost|p1a: Steelix|atk|1
|move|p1a: Steelix|Stealth Rock|p2a: Krookodile
|-sidestart|p2: jmainejj97◼_◼~|move: Stealth Rock
|
|-heal|p2a: Krookodile|94/100 par|[from] item: Leftovers
|-heal|p1a: Steelix|36/100|[from] item: Leftovers
|upkeep
|turn|31
|c| iqpweqorhqrowipe1|sharpdeo could have at least destiny bonded
|inactive|jmainejj97◼_◼~ has 120 seconds left.
|c|☆jmainejj97◼_◼~|sharpedo actually destroys
|
|t:|1667587947
|switch|p1a: Crobat|Crobat, M|83/100
|move|p2a: Krookodile|Earthquake|p1a: Crobat
|-immune|p1a: Crobat
|
|-heal|p2a: Krookodile|99/100 par|[from] item: Leftovers
|upkeep
|turn|32
|
|t:|1667587953
|move|p1a: Crobat|U-turn|p2a: Krookodile
|-supereffective|p2a: Krookodile
|-damage|p2a: Krookodile|75/100 par
|
|t:|1667587955
|switch|p1a: Mienshao|Mienshao, F|95/100|[from]move: U-turn
|-damage|p1a: Mienshao|89/100|[from] Stealth Rock
|move|p2a: Krookodile|Knock Off|p1a: Mienshao
|-resisted|p1a: Mienshao
|-damage|p1a: Mienshao|50/100
|-enditem|p1a: Mienshao|Choice Band|[from] move: Knock Off|[of] p2a: Krookodile
|
|-heal|p2a: Krookodile|81/100 par|[from] item: Leftovers
|upkeep
|turn|33
|c|☆knexhawk2|why is the krook
|c|☆knexhawk2|so fat
|
|t:|1667587969
|switch|p2a: Weezing|Weezing-Galar, F|53/100
|-damage|p2a: Weezing|41/100|[from] Stealth Rock
|move|p1a: Mienshao|Stone Edge|p2a: Weezing
|-damage|p2a: Weezing|18/100
|
|-heal|p2a: Weezing|24/100|[from] item: Black Sludge
|upkeep
|turn|34
|
|t:|1667587979
|move|p1a: Mienshao|Stone Edge|p2a: Weezing|[miss]
|-miss|p1a: Mienshao|p2a: Weezing
|move|p2a: Weezing|Strange Steam|p1a: Mienshao
|-supereffective|p1a: Mienshao
|-damage|p1a: Mienshao|0 fnt
|faint|p1a: Mienshao
|
|-heal|p2a: Weezing|30/100|[from] item: Black Sludge
|upkeep
|c|☆knexhawk2|gg i needed that dead
|
|t:|1667587986
|switch|p1a: Steelix|Steelix, F|36/100
|-damage|p1a: Steelix|33/100|[from] Stealth Rock
|turn|35
|c|☆jmainejj97◼_◼~|252/60
|c|☆jmainejj97◼_◼~|i think
|c|☆knexhawk2|!dt krook
|raw|<div class="message"><ul class="utilichart"><li class="result"><span class="col numcol">UU</span> <span class="col iconcol"><psicon pokemon="krookodile"/></span> <span class="col pokemonnamecol" style="white-space:nowrap"><a href="https://dex.pokemonshowdown.com/pokemon/krookodile" target="_blank">Krookodile</a></span> <span class="col typecol"><img src="https://play.pokemonshowdown.com/sprites/types/Ground.png" alt="Ground" height="14" width="32"><img src="https://play.pokemonshowdown.com/sprites/types/Dark.png" alt="Dark" height="14" width="32"></span> <span style="float:left;min-height:26px"><span class="col twoabilitycol">Intimidate<br />Moxie</span><span class="col abilitycol"><em>Anger Point</em></span></span><span style="float:left;min-height:26px"><span class="col statcol"><em>HP</em><br />95</span> <span class="col statcol"><em>Atk</em><br />117</span> <span class="col statcol"><em>Def</em><br />80</span> <span class="col statcol"><em>SpA</em><br />65</span> <span class="col statcol"><em>SpD</em><br />70</span> <span class="col statcol"><em>Spe</em><br />92</span> <span class="col bstcol"><em>BST<br />519</em></span> </span></li><li style="clear:both"></li></ul></div>
|raw|<font size="1"><font color="#686868">Dex#:</font> 553&nbsp;|&ThickSpace;<font color="#686868">Gen:</font> 5&nbsp;|&ThickSpace;<font color="#686868">Height:</font> 1.5 m&nbsp;|&ThickSpace;<font color="#686868">Weight:</font> 96.3 kg <em>(80 BP)</em>&nbsp;|&ThickSpace;<font color="#686868">Dex Colour:</font> Red&nbsp;|&ThickSpace;<font color="#686868">Egg Group(s):</font> Field&nbsp;|&ThickSpace;<font color="#686868">Does Not Evolve</font></font>

|c|☆knexhawk2|its fatter
|c|☆knexhawk2|than i rememebr
|c|☆jmainejj97◼_◼~|yeah that miss costed the game
|
|t:|1667588007
|move|p2a: Weezing|Strange Steam|p1a: Steelix
|-resisted|p1a: Steelix
|-damage|p1a: Steelix|21/100
|-start|p1a: Steelix|confusion
|-activate|p1a: Steelix|confusion
|move|p1a: Steelix|Iron Head|p2a: Weezing
|-supereffective|p2a: Weezing
|-damage|p2a: Weezing|0 fnt
|faint|p2a: Weezing
|
|-heal|p1a: Steelix|27/100|[from] item: Leftovers
|upkeep
|c|☆knexhawk2|either way it was a roll
|
|t:|1667588013
|switch|p2a: Raikou|Raikou|62/100
|turn|36
|
|t:|1667588018
|move|p2a: Raikou|Scald|p1a: Steelix
|-supereffective|p1a: Steelix
|-damage|p1a: Steelix|0 fnt
|faint|p1a: Steelix
|
|upkeep
|
|t:|1667588020
|switch|p1a: Crobat|Crobat, M|83/100
|turn|37
|
|t:|1667588025
|move|p1a: Crobat|Poison Fang|p2a: Raikou
|-damage|p2a: Raikou|40/100
|-status|p2a: Raikou|tox
|move|p2a: Raikou|Thunderbolt|p1a: Crobat
|-supereffective|p1a: Crobat
|-damage|p1a: Crobat|0 fnt
|faint|p1a: Crobat
|
|win|jmainejj97◼_◼~
|n|☆knexhawk2|knexhawk2
|n|☆jmainejj97◼_◼~|jmainejj97
|n| cypherstest|cypherstest
|n|+moondazing|moondazing
|n| SetsuStsna|setsustsna
|n| natdexfunnn|natdexfunnn
|n| Unviabriel|unviabriel
|n| monobrazil|monobrazil
|n| iqpweqorhqrowipe1|iqpweqorhqrowipe1
|n| Mikirae69|mikirae69
