|j|☆merktation
|j|☆demgeilem
|t:|1668069651
|gametype|singles
|player|p1|merktation|170|1575
|player|p2|demgeilem|ethan-masters|1615
|teamsize|p1|6
|teamsize|p2|6
|gen|8
|tier|[Gen 8] OU
|rated|
|rule|Sleep Clause Mod: Limit one foe put to sleep
|rule|Species Clause: Limit one of each Pokémon
|rule|OHKO Clause: OHKO moves are banned
|rule|Evasion Items Clause: Evasion items are banned
|rule|Evasion Moves Clause: Evasion moves are banned
|rule|Endless Battle Clause: Forcing endless battles is banned
|rule|HP Percentage Mod: HP is shown in percentages
|rule|Dynamax Clause: You cannot dynamax
|clearpoke
|poke|p1|Dragapult, F|
|poke|p1|Weavile, F|
|poke|p1|Urshifu-*, F|
|poke|p1|Landorus-Therian, M|
|poke|p1|Corviknight, M|
|poke|p1|Slowking-Galar, M|
|poke|p2|Melmetal|
|poke|p2|Dragapult, F|
|poke|p2|Slowbro, F|
|poke|p2|Clefable, M|
|poke|p2|Landorus-Therian, M|
|poke|p2|Buzzwole|
|teampreview
|inactive|Battle timer is ON: inactive players will automatically lose when time's up. (requested by merktation)
|inactive|merktation has 120 seconds left.
|inactive|demgeilem has 120 seconds left.
|
|t:|1668069692
|start
|switch|p1a: Slowking|Slowking-Galar, M|100/100
|switch|p2a: Landorus|Landorus-Therian, M|100/100
|-ability|p2a: Landorus|Intimidate|boost
|-unboost|p1a: Slowking|atk|1
|turn|1
|
|t:|1668069697
|move|p2a: Landorus|Knock Off|p1a: Slowking
|-supereffective|p1a: Slowking
|-damage|p1a: Slowking|37/100
|-enditem|p1a: Slowking|Assault Vest|[from] move: Knock Off|[of] p2a: Landorus
|move|p1a: Slowking|Hydro Pump|p2a: Landorus
|-supereffective|p2a: Landorus
|-damage|p2a: Landorus|51/100
|
|-heal|p2a: Landorus|57/100|[from] item: Leftovers
|upkeep
|turn|2
|
|t:|1668069708
|move|p2a: Landorus|Knock Off|p1a: Slowking
|-supereffective|p1a: Slowking
|-damage|p1a: Slowking|0 fnt
|faint|p1a: Slowking
|
|-heal|p2a: Landorus|63/100|[from] item: Leftovers
|upkeep
|-message|merktation forfeited.
|
|win|demgeilem
|raw|merktation's rating: 1575 &rarr; <strong>1557</strong><br />(-18 for losing)
|raw|demgeilem's rating: 1615 &rarr; <strong>1633</strong><br />(+18 for winning)
|l|☆merktation
