|j|☆Mel2345
|j|☆chlo
|inactive|Battle timer is ON: inactive players will automatically lose when time's up.
|t:|1642670063
|gametype|singles
|player|p1|Mel2345|cheren-gen5bw2|
|player|p2|chlo|#chlo|
|teamsize|p1|6
|teamsize|p2|6
|gen|8
|tier|[Gen 8] OU
|rated|Tournament battle
|rule|Sleep Clause Mod: Limit one foe put to sleep
|rule|Species Clause: Limit one of each Pokémon
|rule|OHKO Clause: OHKO moves are banned
|rule|Evasion Moves Clause: Evasion moves are banned
|rule|Endless Battle Clause: Forcing endless battles is banned
|rule|HP Percentage Mod: HP is shown in percentages
|rule|Dynamax Clause: You cannot dynamax
|clearpoke
|poke|p1|Urshifu-*, M|
|poke|p1|Tangrowth, F|
|poke|p1|Slowking-Galar, F|
|poke|p1|Tapu Koko|
|poke|p1|Landorus-Therian, M|
|poke|p1|Corviknight, F|
|poke|p2|Terrakion|
|poke|p2|Tapu Lele|
|poke|p2|Magnezone|
|poke|p2|Slowbro, M|
|poke|p2|Landorus-Therian, M|
|poke|p2|Kartana|
|teampreview
|j| BB-8-NU
|inactive|Mel2345 also wants the timer to be on.
|j| Pika Sup
|c|☆Mel2345|hf
|c|☆chlo|u2
|j| ZAAAWAAAAARUDOO
|
|t:|1642670085
|start
|switch|p1a: Tangrowth|Tangrowth, F|100/100
|switch|p2a: Terrakion|Terrakion, shiny|100/100
|turn|1
|j| Soley777ko
|j| Test 16420
|
|t:|1642670092
|move|p2a: Terrakion|Close Combat|p1a: Tangrowth
|-damage|p1a: Tangrowth|55/100
|-unboost|p2a: Terrakion|def|1
|-unboost|p2a: Terrakion|spd|1
|-damage|p2a: Terrakion|84/100|[from] item: Rocky Helmet|[of] p1a: Tangrowth
|move|p1a: Tangrowth|Giga Drain|p2a: Terrakion
|-supereffective|p2a: Terrakion
|-damage|p2a: Terrakion|0 fnt
|-heal|p1a: Tangrowth|89/100|[from] drain|[of] p2a: Terrakion
|faint|p2a: Terrakion
|
|upkeep
|c| Pika Sup|Chlo u are crazy good at ou :D
|c|☆chlo|im shit at ou
|c| Soley777ko|gl chlo
|c|☆chlo|my worst tier by far
|c|☆chlo|i do not play this!
|c| Test 16420|Yes
|c| Pika Sup|Oh
|
|t:|1642670111
|switch|p2a: Kartana|Kartana, shiny|100/100
|turn|2
|
|t:|1642670114
|move|p2a: Kartana|Swords Dance|p2a: Kartana
|-boost|p2a: Kartana|atk|2
|move|p1a: Tangrowth|Focus Blast|p2a: Kartana
|-supereffective|p2a: Kartana
|-damage|p2a: Kartana|0 fnt
|faint|p2a: Kartana
|
|upkeep
|c| Pika Sup|that means I am complete shot
|c| Pika Sup|shit
|c|☆chlo|gg!
|-message|chlo forfeited.
|
|win|Mel2345
|n|☆Mel2345|mel2345
|n|☆chlo|chlo
|n| BB-8-NU|bb8nu
|n| Pika Sup|pikasup
|n| ZAAAWAAAAARUDOO|zaaawaaaaarudoo
|n| Soley777ko|soley777ko
|n| Test 16420|test16420
