|j|☆Oryen
|j|☆Sundays.n_sundaes
|inactive|Battle timer is ON: inactive players will automatically lose when time's up.
|t:|1655290773
|gametype|singles
|player|p1|Oryen|bruno-gen1|
|player|p2|Sundays.n_sundaes|brock-gen2|
|teamsize|p1|2
|teamsize|p2|2
|gen|8
|tier|[Gen 8] OU
|rated|Tournament battle
|rule|Sleep Clause Mod: Limit one foe put to sleep
|rule|Species Clause: Limit one of each Pokémon
|rule|OHKO Clause: OHKO moves are banned
|rule|Evasion Moves Clause: Evasion moves are banned
|rule|Endless Battle Clause: Forcing endless battles is banned
|rule|HP Percentage Mod: HP is shown in percentages
|rule|Dynamax Clause: You cannot dynamax
|clearpoke
|poke|p1|Dragonite, F|
|poke|p1|Mudsdale, F|
|poke|p2|Polteageist-Antique|
|poke|p2|Flygon, M|
|teampreview
|j|*Lady Monita ☀
|j| CakeyQG
|
|t:|1655290782
|start
|switch|p1a: Dragonite|Dragonite, F|100/100
|switch|p2a: Polteageist|Polteageist-Antique, shiny|100/100
|turn|1
|
|t:|1655290786
|move|p1a: Dragonite|Dragon Dance|p1a: Dragonite
|-boost|p1a: Dragonite|atk|1
|-boost|p1a: Dragonite|spe|1
|move|p2a: Polteageist|Shell Smash|p2a: Polteageist
|-unboost|p2a: Polteageist|def|1
|-unboost|p2a: Polteageist|spd|1
|-boost|p2a: Polteageist|atk|2
|-boost|p2a: Polteageist|spa|2
|-boost|p2a: Polteageist|spe|2
|
|upkeep
|turn|2
|
|t:|1655290790
|move|p2a: Polteageist|Stored Power|p1a: Dragonite
|-damage|p1a: Dragonite|55/100
|move|p1a: Dragonite|Ice Punch|p2a: Polteageist
|-damage|p2a: Polteageist|5/100
|-ability|p2a: Polteageist|Weak Armor|boost
|-unboost|p2a: Polteageist|def|1
|-boost|p2a: Polteageist|spe|2
|
|upkeep
|turn|3
|j| Nekomo1
|
|t:|1655290802
|move|p2a: Polteageist|Stored Power|p1a: Dragonite
|-damage|p1a: Dragonite|0 fnt
|faint|p1a: Dragonite
|
|upkeep
|
|t:|1655290804
|switch|p1a: Mudsdale|Mudsdale, F|100/100
|turn|4
|
|t:|1655290807
|move|p2a: Polteageist|Giga Drain|p1a: Mudsdale
|-supereffective|p1a: Mudsdale
|-damage|p1a: Mudsdale|0 fnt
|-heal|p2a: Polteageist|82/100|[from] drain|[of] p1a: Mudsdale
|faint|p1a: Mudsdale
|
|win|Sundays.n_sundaes
|n|☆Oryen|oryen
|n|☆Sundays.n_sundaes|sundaysnsundaes
|n|*Lady Monita ☀|ladymonita
|n| CakeyQG|cakeyqg
|n| Nekomo1|nekomo1
