|j|☆dovesoap2
|j|☆brettfavreinnocent
|t:|1663985246
|gametype|singles
|player|p1|dovesoap2|archer|1656
|player|p2|brettfavreinnocent|pokemaniac|1678
|teamsize|p1|6
|teamsize|p2|6
|gen|8
|tier|[Gen 8] OU
|rated|
|rule|Sleep Clause Mod: Limit one foe put to sleep
|rule|Species Clause: Limit one of each Pokémon
|rule|OHKO Clause: OHKO moves are banned
|rule|Evasion Items Clause: Evasion items are banned
|rule|Evasion Moves Clause: Evasion moves are banned
|rule|Endless Battle Clause: Forcing endless battles is banned
|rule|HP Percentage Mod: HP is shown in percentages
|rule|Dynamax Clause: You cannot dynamax
|clearpoke
|poke|p1|Landorus-Therian, M|
|poke|p1|Clefable, M|
|poke|p1|Tornadus-Therian, M|
|poke|p1|Melmetal|
|poke|p1|Toxapex, M|
|poke|p1|Garchomp, F|
|poke|p2|Tyrantrum, M|
|poke|p2|Heatran, M|
|poke|p2|Landorus-Therian, M|
|poke|p2|Volcanion|
|poke|p2|Tyranitar, F|
|poke|p2|Buzzwole|
|teampreview
|j| WisHRandom
|inactive|Battle timer is ON: inactive players will automatically lose when time's up. (requested by dovesoap2)
|
|t:|1663985277
|start
|switch|p1a: Toxapex|Toxapex, M, shiny|100/100
|switch|p2a: Landorus|Landorus-Therian, M|100/100
|-ability|p2a: Landorus|Intimidate|boost
|-unboost|p1a: Toxapex|atk|1
|turn|1
|
|t:|1663985283
|move|p2a: Landorus|Stealth Rock|p1a: Toxapex
|-sidestart|p1: dovesoap2|move: Stealth Rock
|move|p1a: Toxapex|Scald|p2a: Landorus
|-supereffective|p2a: Landorus
|-damage|p2a: Landorus|62/100
|
|upkeep
|turn|2
|
|t:|1663985293
|move|p2a: Landorus|U-turn|p1a: Toxapex
|-resisted|p1a: Toxapex
|-damage|p1a: Toxapex|94/100
|
|t:|1663985297
|switch|p2a: Volcanion|Volcanion|100/100|[from]move: U-turn
|move|p1a: Toxapex|Scald|p2a: Volcanion
|-immune|p2a: Volcanion|[from] ability: Water Absorb
|
|-heal|p1a: Toxapex|99/100|[from] item: Black Sludge
|upkeep
|turn|3
|l| WisHRandom
|
|t:|1663985309
|move|p2a: Volcanion|Earth Power|p1a: Toxapex
|-supereffective|p1a: Toxapex
|-crit|p1a: Toxapex
|-damage|p1a: Toxapex|0 fnt
|faint|p1a: Toxapex
|
|upkeep
|
|t:|1663985314
|switch|p1a: Tornadus|Tornadus-Therian, M|100/100
|turn|4
|j| crowv2
|
|t:|1663985325
|switch|p2a: Tyrantrum|Tyrantrum, M|100/100
|move|p1a: Tornadus|Nasty Plot|p1a: Tornadus
|-boost|p1a: Tornadus|spa|2
|
|upkeep
|turn|5
|
|t:|1663985331
|move|p1a: Tornadus|Focus Blast|p2a: Tyrantrum|[miss]
|-miss|p1a: Tornadus|p2a: Tyrantrum
|move|p2a: Tyrantrum|Stone Edge|p1a: Tornadus
|-supereffective|p1a: Tornadus
|-crit|p1a: Tornadus
|-damage|p1a: Tornadus|0 fnt
|faint|p1a: Tornadus
|-damage|p2a: Tyrantrum|91/100|[from] item: Life Orb
|
|upkeep
|-message|dovesoap2 forfeited.
|
|win|brettfavreinnocent
|raw|dovesoap2's rating: 1656 &rarr; <strong>1637</strong><br />(-19 for losing)
|raw|brettfavreinnocent's rating: 1678 &rarr; <strong>1697</strong><br />(+19 for winning)
|l|☆dovesoap2
|l| crowv2
||Ladder isn't responding, score probably updated but might not have (Request timeout).
