|j|☆alphi
|j|☆Archerdagoat
|t:|1610616184
|player|p1|alphi|chuck|1604
|player|p2|Archerdagoat|265|1585
|teamsize|p1|6
|teamsize|p2|6
|gametype|singles
|gen|8
|tier|[Gen 8] OU
|rated|
|clearpoke
|poke|p1|Zapdos|
|poke|p1|Scolipede, F|
|poke|p1|Tapu Lele|
|poke|p1|Azelf|
|poke|p1|Tyranitar, F|
|poke|p1|Excadrill, M|
|poke|p2|Chansey, F|
|poke|p2|Clefable, F|
|poke|p2|Toxapex, F|
|poke|p2|Zapdos|
|poke|p2|Dragapult, F|
|poke|p2|Ferrothorn, F|
|rule|Sleep Clause Mod: Limit one foe put to sleep
|rule|Species Clause: Limit one of each Pokémon
|rule|OHKO Clause: OHKO moves are banned
|rule|Evasion Moves Clause: Evasion moves are banned
|rule|Endless Battle Clause: Forcing endless battles is banned
|rule|HP Percentage Mod: HP is shown in percentages
|rule|Dynamax Clause: You cannot dynamax
|teampreview
|
|t:|1610616202
|start
|switch|p1a: Azelf|Azelf|100/100
|switch|p2a: Ferrothorn|Ferrothorn, F|100/100
|turn|1
|
|t:|1610616206
|move|p1a: Azelf|Flamethrower|p2a: Ferrothorn
|-supereffective|p2a: Ferrothorn
|-damage|p2a: Ferrothorn|0 fnt
|faint|p2a: Ferrothorn
|
|upkeep
|inactive|Battle timer is ON: inactive players will automatically lose when time's up. (requested by Archerdagoat)
|
|t:|1610616212
|switch|p2a: Chansey|Chansey, F|100/100
|turn|2
|j| hhgkjfdsh
|
|t:|1610616236
|move|p1a: Azelf|Taunt|p2a: Chansey
|-start|p2a: Chansey|move: Taunt
|cant|p2a: Chansey|move: Taunt|Toxic
|
|upkeep
|turn|3
|
|t:|1610616241
|move|p1a: Azelf|Stealth Rock|p2a: Chansey
|-sidestart|p2: Archerdagoat|move: Stealth Rock
|move|p2a: Chansey|Seismic Toss|p1a: Azelf
|-damage|p1a: Azelf|66/100
|
|upkeep
|turn|4
|inactive|alphi has 120 seconds left.
|
|t:|1610616295
|switch|p1a: Excadrill|Excadrill, M|100/100
|move|p2a: Chansey|Seismic Toss|p1a: Excadrill
|-damage|p1a: Excadrill|73/100
|
|-end|p2a: Chansey|move: Taunt
|upkeep
|turn|5
|j| ID Uc207Pr4f57t9
|
|t:|1610616311
|switch|p2a: Zapdos|Zapdos|100/100
|-damage|p2a: Zapdos|75/100|[from] Stealth Rock
|move|p1a: Excadrill|Earthquake|p2a: Zapdos
|-immune|p2a: Zapdos
|
|-heal|p2a: Zapdos|82/100|[from] item: Leftovers
|upkeep
|turn|6
|inactive|alphi has 90 seconds left.
|
|t:|1610616359
|move|p1a: Excadrill|Rock Slide|p2a: Zapdos
|-supereffective|p2a: Zapdos
|-damage|p2a: Zapdos|28/100
|-damage|p1a: Excadrill|63/100|[from] item: Life Orb
|cant|p2a: Zapdos|flinch
|
|-heal|p2a: Zapdos|35/100|[from] item: Leftovers
|upkeep
|turn|7
|-message|Archerdagoat forfeited.
|
|win|alphi
|l|☆Archerdagoat
|l| ID Uc207Pr4f57t9
|raw|alphi's rating: 1604 &rarr; <strong>1623</strong><br />(+19 for winning)
|raw|Archerdagoat's rating: 1585 &rarr; <strong>1566</strong><br />(-19 for losing)
|l|☆alphi
