|html|<div class="broadcast-blue"><strong>[Gen 8] OU is currently suspecting Melmetal! For information on how to participate check out the <a href="https://www.smogon.com/forums/threads/np-ss-ou-suspect-process-round-12-monster-mash.3709234/">suspect thread</a>.</strong></div>
|j|☆beto cachinhos†
|j|☆PedroGreg
|inactive|Battle timer is ON: inactive players will automatically lose when time's up.
|t:|1666902671
|gametype|singles
|player|p1|beto cachinhos†|cheren-gen5bw2|
|player|p2|PedroGreg|#wcop2022brazil|
|teamsize|p1|6
|teamsize|p2|6
|gen|8
|tier|[Gen 8] OU
|rated|Tournament battle
|rule|Sleep Clause Mod: Limit one foe put to sleep
|rule|Species Clause: Limit one of each Pokémon
|rule|OHKO Clause: OHKO moves are banned
|rule|Evasion Items Clause: Evasion items are banned
|rule|Evasion Moves Clause: Evasion moves are banned
|rule|Endless Battle Clause: Forcing endless battles is banned
|rule|HP Percentage Mod: HP is shown in percentages
|rule|Dynamax Clause: You cannot dynamax
|clearpoke
|poke|p1|Tapu Lele|
|poke|p1|Dragapult, M|
|poke|p1|Kartana|
|poke|p1|Garchomp, M|
|poke|p1|Melmetal|
|poke|p1|Zapdos|
|poke|p2|Pelipper, F|
|poke|p2|Urshifu-*, M|
|poke|p2|Kingdra, F|
|poke|p2|Zapdos|
|poke|p2|Magnezone|
|poke|p2|Ferrothorn, F|
|teampreview
|j| calvalo
|j|%Sexta-Feira13
|j|+A•xima
|c|☆PedroGreg|hf
|j| O Seu Rei
|j| isabela000◥▶_◀◤
|j| monkaSaur
|c|☆beto cachinhos†|PedroGreg
|c|%Sexta-Feira13|chuva ew
|c|☆beto cachinhos†|quando eu leio seu nick
|c|☆PedroGreg|oq vc le
|inactive|beto cachinhos† has 120 seconds left.
|j| Lnfofo
|c|☆beto cachinhos†|isso aqui toca
|c|☆beto cachinhos†|https://www.youtube.com/watch?v=FVbZfxysGMo
|c|☆beto cachinhos†|pq vc é sinistro
|c| Lnfofo|eu escolho ser amigo de deus
|c|☆PedroGreg|nossa n da
|c| calvalo|eita é o
|c|☆PedroGreg|meu pc vai estourar
|c|%Sexta-Feira13|kkkkkkk
|inactive|beto cachinhos† has 90 seconds left.
|c|☆beto cachinhos†|é theme de naruto
|c|☆beto cachinhos†|ok
|
|t:|1666902736
|start
|switch|p1a: Tapu Lele|Tapu Lele|100/100
|switch|p2a: Pelipper|Pelipper, F|100/100
|-fieldstart|move: Psychic Terrain|[from] ability: Psychic Surge|[of] p1a: Tapu Lele
|-weather|RainDance|[from] ability: Drizzle|[of] p2a: Pelipper
|turn|1
|
|t:|1666902740
|switch|p2a: Ferrothorn|Ferrothorn, F|100/100
|move|p1a: Tapu Lele|Psychic|p2a: Ferrothorn
|-resisted|p2a: Ferrothorn
|-damage|p2a: Ferrothorn|67/100
|-enditem|p2a: Ferrothorn|Eject Button
|c|%Sexta-Feira13|é o da akatsuki
|
|t:|1666902744
|switch|p2a: Kingdra|Kingdra, F|100/100
|
|-weather|RainDance|[upkeep]
|upkeep
|turn|2
|j|@Irly
|c| Lnfofo|OLOCO
|c|@Irly|é o betos
|c|%Sexta-Feira13|:skull:
|c|☆beto cachinhos†|é o betos
|c| Lnfofo|PSYCHIC FORTE PRA PRR
|
|t:|1666902755
|move|p2a: Kingdra|Hydro Pump|p1a: Tapu Lele
|-damage|p1a: Tapu Lele|0 fnt
|faint|p1a: Tapu Lele
|
|-weather|RainDance|[upkeep]
|upkeep
|c| Lnfofo|kkkkkkkkkkkkkkkkkkkkkk
|
|t:|1666902758
|switch|p1a: Dragapult|Dragapult, M|100/100
|turn|3
|c| Lnfofo|f:|
|c|@Irly|toda vez q eu vejo esse ca eu acho ele foda PedroGreg
|c|@Irly|zarude é um bicho mto brabo
|
|t:|1666902770
|switch|p2a: Ferrothorn|Ferrothorn, F|67/100
|move|p1a: Dragapult|Shadow Ball|p2a: Ferrothorn
|-damage|p2a: Ferrothorn|29/100
|-unboost|p2a: Ferrothorn|spd|1
|
|-weather|RainDance|[upkeep]
|upkeep
|turn|4
|c|☆beto cachinhos†|só pq tem um macaco?
|
|t:|1666902775
|move|p1a: Dragapult|Shadow Ball|p2a: Ferrothorn
|-damage|p2a: Ferrothorn|0 fnt
|faint|p2a: Ferrothorn
|
|-weather|RainDance|[upkeep]
|upkeep
|
|t:|1666902777
|switch|p2a: Kingdra|Kingdra, F|100/100
|turn|5
|c|@Irly|s
|
|t:|1666902781
|switch|p1a: Melmetal|Melmetal|100/100
|move|p2a: Kingdra|Surf|p1a: Melmetal
|-damage|p1a: Melmetal|18/100
|
|-weather|RainDance|[upkeep]
|-heal|p1a: Melmetal|24/100|[from] item: Leftovers
|-fieldend|move: Psychic Terrain
|upkeep
|turn|6
|
|t:|1666902784
|move|p1a: Melmetal|Protect|p1a: Melmetal
|-singleturn|p1a: Melmetal|Protect
|move|p2a: Kingdra|Surf|p1a: Melmetal
|-activate|p1a: Melmetal|move: Protect
|
|-weather|RainDance|[upkeep]
|-heal|p1a: Melmetal|31/100|[from] item: Leftovers
|upkeep
|turn|7
|
|t:|1666902787
|move|p1a: Melmetal|Protect|p1a: Melmetal
|-singleturn|p1a: Melmetal|Protect
|move|p2a: Kingdra|Surf|p1a: Melmetal
|-activate|p1a: Melmetal|move: Protect
|
|-weather|RainDance|[upkeep]
|-heal|p1a: Melmetal|37/100|[from] item: Leftovers
|upkeep
|turn|8
|c|%Sexta-Feira13|se zarude não fosse um mitico seria mt melhor
|c|+A•xima|ele joga pra krl
|c| Lnfofo|macacos sao brabos
|
|t:|1666902797
|move|p2a: Kingdra|Surf|p1a: Melmetal
|-damage|p1a: Melmetal|0 fnt
|faint|p1a: Melmetal
|
|-weather|none
|upkeep
|c|@Irly|mano pq sua entrada pra agua não é entrada
|
|t:|1666902801
|switch|p1a: Dragapult|Dragapult, M|100/100
|turn|9
|c|%Sexta-Feira13|eita abilty
|c|☆beto cachinhos†|pq eu
|c| calvalo|respeita a kartana
|c|☆beto cachinhos†|n imaginei um rain
|c|@Irly|eita é o calvalo
|c|@Irly|oi calvalo
|c|%Sexta-Feira13|a entrada pra agua é dar protect 4 turnos seguidos
|c|☆beto cachinhos†|PedroGreg vive de BO e balance
|c| calvalo|oi
|c|☆beto cachinhos†|nunca vi ele usar rain
|c|☆beto cachinhos†|AI
|c|☆beto cachinhos†|ele pensou 89 turnos a frente
|c| Lnfofo|AII...
|c|☆beto cachinhos†|e trouxe rain
|inactive|PedroGreg has 120 seconds left.
|c| calvalo|ruim vc beto cachinhos
|c|☆beto cachinhos†|para bens, PedroGreg
|c| calvalo|aia
|c|☆beto cachinhos†|sim calvalo
|c| calvalo|i
|c|☆beto cachinhos†|fala ai
|c|@Irly|calvalo diz uma comida do balacobaco
|c| Lnfofo|oloco
|raw|<div class="broadcast-red"><strong>Moderated chat was set to +!</strong><br />Only users of rank + and higher can talk.</div>
|c|☆beto cachinhos†|fala ai calvalo
|c|+A•xima|bom dia PedroGreg
|c|@Irly|e se eu promovesse ele
|c|☆beto cachinhos†|irly
|n|@mendigodaesquina|calvalo
|c|@Irly|pra roomvoice
|c|@mendigodaesquina|cringe
|c|@Irly|thinking
|c|☆beto cachinhos†|n se atreva
|c|%Sexta-Feira13|eita
|c|@Irly|eita
|c|☆beto cachinhos†|KKKKKKKKKKKKKKKK
|c|%Sexta-Feira13|oi mde
|c|@Irly|??????????? o mendigodaesquina é o calvalo
|c|☆beto cachinhos†|mendigodaesquina i love u
|c|@Irly|???????
|c|@mendigodaesquina|oi
|c|☆beto cachinhos†|QUE
|c|+A•xima|só os ademiro on
|inactive|PedroGreg has 90 seconds left.
|c|@mendigodaesquina|fake news Irly
|c|%Sexta-Feira13|não Irly
|c|☆beto cachinhos†|revelações
|raw|<div class="broadcast-blue"><strong>Moderated chat was disabled!</strong><br />Anyone may talk now.</div>
|c|@Irly|ainda bem
|c|@Irly|ufa
|
|t:|1666902867
|switch|p1a: Garchomp|Garchomp, M|100/100
|switch|p2a: Pelipper|Pelipper, F|100/100
|-weather|RainDance|[from] ability: Drizzle|[of] p2a: Pelipper
|
|-weather|RainDance|[upkeep]
|upkeep
|turn|10
|c|%Sexta-Feira13|é coincidencia
|c| Lnfofo|:(
|
|t:|1666902874
|move|p1a: Garchomp|Stealth Rock|p2a: Pelipper
|-sidestart|p2: PedroGreg|move: Stealth Rock
|move|p2a: Pelipper|U-turn|p1a: Garchomp
|-damage|p1a: Garchomp|94/100
|-damage|p2a: Pelipper|88/100|[from] ability: Rough Skin|[of] p1a: Garchomp
|c|@Irly|tava começando a n gostar do calvalo
|
|t:|1666902879
|switch|p2a: Urshifu|Urshifu-Rapid-Strike, M|100/100|[from]move: U-turn
|-damage|p2a: Urshifu|94/100|[from] Stealth Rock
|
|-weather|RainDance|[upkeep]
|-heal|p1a: Garchomp|99/100|[from] item: Leftovers
|upkeep
|turn|11
|c| isabela000◥▶_◀◤|eita, o mendigodaesquina
|c|@mendigodaesquina|é n
|
|t:|1666902884
|switch|p1a: Zapdos|Zapdos|100/100
|move|p2a: Urshifu|Surging Strikes|p1a: Zapdos
|-crit|p1a: Zapdos
|-damage|p1a: Zapdos|72/100
|-crit|p1a: Zapdos
|-damage|p1a: Zapdos|44/100
|-crit|p1a: Zapdos
|-damage|p1a: Zapdos|12/100
|-hitcount|p1a: Zapdos|3
|
|-weather|RainDance|[upkeep]
|upkeep
|turn|12
|n| equus ferus|mendigodaesquina
|c|@Irly|0 para
|c|@Irly|hax.
|c|☆beto cachinhos†|static pra que
|c|☆beto cachinhos†|porra
|c|%Sexta-Feira13|tanto que to vendo o mendigodaesquina e o calvalo online ao mesmo tempo
|
|t:|1666902896
|move|p2a: Urshifu|Aqua Jet|p1a: Zapdos
|-damage|p1a: Zapdos|0 fnt
|faint|p1a: Zapdos
|
|-weather|RainDance|[upkeep]
|upkeep
|c|☆beto cachinhos†|KD STATIC
|c| equus ferus|vdd
|
|t:|1666902906
|switch|p1a: Kartana|Kartana|100/100
|turn|13
|
|t:|1666902908
|switch|p1a: Dragapult|Dragapult, M|100/100
|switch|p2a: Zapdos|Zapdos|100/100
|
|-weather|RainDance|[upkeep]
|upkeep
|turn|14
|c|@Irly|equus ferus quando vc vai voltar a ser otaco
|
|t:|1666902912
|move|p1a: Dragapult|Draco Meteor|p2a: Zapdos
|-damage|p2a: Zapdos|0 fnt
|-unboost|p1a: Dragapult|spa|2
|faint|p2a: Zapdos
|
|-weather|RainDance|[upkeep]
|upkeep
|c|%Sexta-Feira13|pera equus ferus é o calvalo?
|c| equus ferus|eca
|c|@Irly|eita
|c| equus ferus|odeio otaco
|c|☆beto cachinhos†|que
|c| Lnfofo|eita
|c|☆beto cachinhos†|equus ferus é o calvalo
|c|☆beto cachinhos†|que é o mde?
|
|t:|1666902924
|switch|p2a: Urshifu|Urshifu-Rapid-Strike, M|94/100
|-damage|p2a: Urshifu|88/100|[from] Stealth Rock
|turn|15
|c| equus ferus|vc
|
|t:|1666902927
|move|p1a: Dragapult|Draco Meteor|p2a: Urshifu
|-damage|p2a: Urshifu|20/100
|-unboost|p1a: Dragapult|spa|2
|move|p2a: Urshifu|Surging Strikes|p1a: Dragapult
|-resisted|p1a: Dragapult
|-crit|p1a: Dragapult
|-damage|p1a: Dragapult|82/100
|-resisted|p1a: Dragapult
|-crit|p1a: Dragapult
|-damage|p1a: Dragapult|60/100
|-resisted|p1a: Dragapult
|-crit|p1a: Dragapult
|-damage|p1a: Dragapult|39/100
|-hitcount|p1a: Dragapult|3
|
|-weather|RainDance|[upkeep]
|upkeep
|turn|16
|c| Lnfofo|specs dragapult mininu
|c| isabela000◥▶_◀◤|equus ferus vdd q vc é o mde? o-o
|c| equus ferus|fake
|c| isabela000◥▶_◀◤|eita
|
|t:|1666902949
|switch|p1a: Garchomp|Garchomp, M|99/100
|move|p2a: Urshifu|Close Combat|p1a: Garchomp
|-damage|p1a: Garchomp|50/100
|-unboost|p2a: Urshifu|def|1
|-unboost|p2a: Urshifu|spd|1
|-activate|p1a: Garchomp|ability: Rough Skin
|-activate|p2a: Urshifu|item: Protective Pads
|
|-weather|none
|-heal|p1a: Garchomp|56/100|[from] item: Leftovers
|upkeep
|turn|17
|c| Lnfofo|eit
|n| equus ferus|equusferus
|c|☆beto cachinhos†|/log calvalo was promoted to Room Voice by beto cachinhos†.
|c|%Sexta-Feira13|mds chuva amaldiçoa essa room
|c|@Irly|eita
|c| equus ferus|eita
|c|@Irly|só os predicts
|
|t:|1666902962
|switch|p2a: Pelipper|Pelipper, F|88/100
|-damage|p2a: Pelipper|63/100|[from] Stealth Rock
|-weather|RainDance|[from] ability: Drizzle|[of] p2a: Pelipper
|move|p1a: Garchomp|Earthquake|p2a: Pelipper
|-immune|p2a: Pelipper
|
|-weather|RainDance|[upkeep]
|-heal|p1a: Garchomp|62/100|[from] item: Leftovers
|upkeep
|turn|18
|n|+calvalo|equusferus
|c|@Irly|posso testar uma coisa beto cachinhosw
|c|+calvalo|+calvalo
|c|@Irly|?
|c|☆beto cachinhos†|sim
|c| Lnfofo|mime
|c|+A•xima|PedroGreg tu quase perdeu por causa dessa entrada do chomp
|n| calvalo|calvalo
|n| calvalo|calvalo
|c|%Sexta-Feira13|eita gz calvalo
|c|@Irly|cade seu voice calvalo
|
|t:|1666902979
|move|p2a: Pelipper|U-turn|p1a: Garchomp
|-damage|p1a: Garchomp|55/100
|-damage|p2a: Pelipper|51/100|[from] ability: Rough Skin|[of] p1a: Garchomp
|c|+A•xima|2 scale shot era gg
|c| calvalo|vc é cringe Irly
|n|+calvalo|calvalo
|n|+calvalo|calvalo
|c|@Irly|/log calvalo was promoted to Room Voice by Irly.
|n|+calvalo|calvalo
|c| isabela000◥▶_◀◤|gz calvalo
|c|+A•xima|na real n
|
|t:|1666902991
|switch|p2a: Kingdra|Kingdra, F|100/100|[from]move: U-turn
|-damage|p2a: Kingdra|88/100|[from] Stealth Rock
|move|p1a: Garchomp|Dragon Tail|p2a: Kingdra|[miss]
|-miss|p1a: Garchomp|p2a: Kingdra
|
|-weather|RainDance|[upkeep]
|-heal|p1a: Garchomp|61/100|[from] item: Leftovers
|upkeep
|turn|19
|c|+calvalo|gz calvalo
|c|+A•xima|tu tem aqua jet
|c|@Irly|gz calvalo
|c|☆beto cachinhos†|vsf
|c|+calvalo|kk
|c|☆beto cachinhos†|KKKKKKKK
|c|@Irly|faça valer a confiança
|c| Lnfofo|KKKKKKKKKKKKKKK
|c|%Sexta-Feira13|!regdate calvalo
|c| Sexta-Feira13|/raw <div class="infobox">The user 'calvalo' registered 5 months ago, on the date Thu Jun 09 2022.</div>
|
|t:|1666903002
|switch|p1a: Dragapult|Dragapult, M|39/100
|move|p2a: Kingdra|Surf|p1a: Dragapult
|-resisted|p1a: Dragapult
|-damage|p1a: Dragapult|0 fnt
|faint|p1a: Dragapult
|
|-weather|RainDance|[upkeep]
|upkeep
|c|☆PedroGreg|kkkkkkkkkkkkkkkkkkkkkkkkkkkkkkkkkkkkkkkkkkkkkkk
|c| Lnfofo|CHOMP TODO VESGO
|
|t:|1666903004
|switch|p1a: Kartana|Kartana|100/100
|turn|20
|c|@Irly|!regdate
|c|+Irly|/raw <div class="infobox">The user 'irly' registered 3 years ago, on the date Sat Jun 15 2019.</div>
|c|☆beto cachinhos†|PedroGreg
|c|☆beto cachinhos†|vc
|c|☆beto cachinhos†|é mais ladrão
|c|%Sexta-Feira13|rapaz speedrun de promote
|c|☆beto cachinhos†|que
|c|☆beto cachinhos†|mt gente
|c| Lnfofo|so n e mais q lula
|c| Lnfofo|pq
|c|+A•xima|soca forte o kindgdra
|c|☆beto cachinhos†|QUE ISSO Lnfofo
|
|t:|1666903028
|move|p2a: Kingdra|Surf|p1a: Kartana
|-resisted|p1a: Kartana
|-damage|p1a: Kartana|0 fnt
|faint|p1a: Kartana
|
|-weather|RainDance|[upkeep]
|upkeep
|
|t:|1666903030
|switch|p1a: Garchomp|Garchomp, M|61/100
|turn|21
|c|☆PedroGreg|tu escolheu usar esse golpe lixo
|l| monkaSaur
|c|%Sexta-Feira13|!rebroadcast !regdate
|c| Sexta-Feira13|/raw <div class="infobox">The user 'sextafeira13' registered 16 days ago, on the date Tue Oct 11 2022.</div>
|c| Lnfofo|KKKKKKKKKKKKKK
|c|☆PedroGreg|em troca de protect
|l|+A•xima
|c|☆PedroGreg|n tneho culpa
|c|+calvalo|!regdate equus ferus
|c| calvalo|/raw <div class="infobox">The user 'equusferus' registered 6 months ago, on the date Mon May 09 2022.</div>
|c|+calvalo|eita
|c|@Irly|irrinhó
|c| Lnfofo|eit
|inactive|beto cachinhos† has 120 seconds left.
|c|☆beto cachinhos†|"golpe lixo"
|c|☆beto cachinhos†|tu é bom
|n| cavalho|irly
|
|t:|1666903061
|move|p2a: Kingdra|Surf|p1a: Garchomp
|-damage|p1a: Garchomp|0 fnt
|faint|p1a: Garchomp
|
|win|PedroGreg
|n|☆beto cachinhos†|betocachinhos
|n|☆PedroGreg|pedrogreg
|n| Sexta-Feira13|sextafeira13
|n| O Seu Rei|oseurei
|n| isabela000◥▶_◀◤|isabela000
|n| Lnfofo|lnfofo
|n|+calvalo|calvalo
|n| cavalho|cavalho
